%% This BibTeX bibliography file was created using BibDesk.
%% http://bibdesk.sourceforge.net/


%% Created for William Henney at 2015-06-29 10:00:45 -0500 


%% Saved with string encoding Unicode (UTF-8) 



@book{van-Dyke:1982a,
	Abstract = {Not Available},
	Address = {Stanford, CA},
	Adsnote = {Provided by the SAO/NASA Astrophysics Data System},
	Adsurl = {http://adsabs.harvard.edu/abs/1982aafm.book.....V},
	Author = {{van Dyke}, M.},
	Date-Added = {2015-06-29 14:58:48 +0000},
	Date-Modified = {2015-06-29 14:58:48 +0000},
	Publisher = {Parabolic Press},
	Title = {{An album of fluid motion}},
	Year = 1982,
	Bdsk-Url-1 = {http://adsabs.harvard.edu/abs/1982aafm.book.....V}}
