%% This BibTeX bibliography file was created using BibDesk.
%% http://bibdesk.sourceforge.net/


%% Created for William Henney at 2015-06-29 10:00:45 -0500 


%% Saved with string encoding Unicode (UTF-8)

@article{ODell:1994a,
  Author =	 {{O'Dell}, C.~R. and {Wen}, Z.},
  Journal =	 {\apj},
  Month =	 nov,
  Pages =	 {194-202},
  Title =	 {{Postrefurbishment mission Hubble Space Telescope
                  images of the core of the Orion Nebula: Proplyds,
                  Herbig-Haro objects, and measurements of a
                  circumstellar disk}},
  Volume =	 436,
  Year =	 1994
}

@book{van-Dyke:1982a,
  Abstract =	 {Not Available},
  Address =	 {Stanford, CA},
  Adsnote =	 {Provided by the SAO/NASA Astrophysics Data System},
  Adsurl =	 {http://adsabs.harvard.edu/abs/1982aafm.book.....V},
  Author =	 {{van Dyke}, M.},
  Date-Added =	 {2015-06-29 14:58:48 +0000},
  Date-Modified ={2015-06-29 14:58:48 +0000},
  Publisher =	 {Parabolic Press},
  Title =	 {{An album of fluid motion}},
  Year =	 1982,
  Bdsk-Url-1 =	 {http://adsabs.harvard.edu/abs/1982aafm.book.....V}
}

@ARTICLE{Johnstone:1998,
  author =	 {{Johnstone}, D. and {Hollenbach}, D. and {Bally},
                  J.},
  title =	 "{Photoevaporation of Disks and Clumps by Nearby
                  Massive Stars: Application to Disk Destruction in
                  the Orion Nebula}",
  journal =	 {\apj},
  keywords =	 {Accretion, Accretion Disks, Stars: Circumstellar
                  Matter, ISM: H II Regions, ISM: General, Galaxy:
                  Open Clusters and Associations: Individual: Name:
                  Orion Nebula Cluster},
  year =	 1998,
  month =	 may,
  volume =	 499,
  pages =	 {758-776},
  adsurl =	 {http://adsabs.harvard.edu/abs/1998ApJ...499..758J},
  adsnote =	 {Provided by the SAO/NASA Astrophysics Data System}
}

@ARTICLE{Laques:1979,
  author =	 {{Laques}, P. and {Vidal}, J.~L.},
  title =	 "{Detection of a new type of condensations in the
                  center of the Orion Nebula by means of S20
                  photocathode cells associated with a Lallemand
                  electronic camera}",
  journal =	 {\aap},
  keywords =	 {Astronomical Photography, Electron Density
                  (Concentration), Interstellar Matter, Lallemand
                  Cameras, Nebulae, Photocathodes, Atmospheric
                  Turbulence, Calibrating, Condensation, Ionized
                  Gases, Stellar Models, Submillimeter Waves},
  year =	 1979,
  month =	 mar,
  volume =	 73,
  pages =	 {97-106},
  adsurl =	 {http://adsabs.harvard.edu/abs/1979A%26A....73...97L},
  adsnote =	 {Provided by the SAO/NASA Astrophysics Data System}
}


@ARTICLE{Canto:1996,
  author =	 {{Canto}, J. and {Raga}, A.~C. and {Wilkin}, F.~P.},
  title =	 "{Exact, Algebraic Solutions of the Thin-Shell
                  Two-Wind Interaction Problem}",
  journal =	 {\apj},
  keywords =	 {STARS: MASS LOSS, HYDRODYNAMICS, SHOCK WAVES, ISM:
                  BUBBLES},
  year =	 1996,
  month =	 oct,
  volume =	 469,
  pages =	 729,
  doi =		 {10.1086/177820},
  adsurl =	 {http://adsabs.harvard.edu/abs/1996ApJ...469..729C},
  adsnote =	 {Provided by the SAO/NASA Astrophysics Data System}
}

@article{Kobulnicky:2010a,
  Author =	 {{Kobulnicky}, H.~A. and {Gilbert}, I.~J. and
                  {Kiminki}, D.~C.},
  Journal =	 {\apj},
  Month =	 feb,
  Pages =	 {549-566},
  Title =	 {{OB Stars and Stellar Bow shocks in Cygnus-X: A
                  Novel Laboratory Estimating Stellar Mass Loss
                  Rates}},
  Volume =	 710,
  Year =	 2010
}

@article{Mackey:2012b,
  Author =	 {{Mackey}, J. and {Mohamed}, S. and {Neilson},
                  H.~R. and {Langer}, N. and {Meyer}, D.~M.-A.},
  Journal =	 {\apjl},
  Month =	 may,
  Pages =	 {L10},
  Title =	 {{Double Bow Shocks around Young, Runaway Red
                  Supergiants: Application to Betelgeuse}},
  Volume =	 751,
  Year =	 2012
}

@article{Mackey:2015a,
  Author =	 {{Mackey}, J. and {Gvaramadze}, V.~V. and {Mohamed},
                  S. and {Langer}, N.},
  Journal =	 {\aap},
  Month =	 jan,
  Pages =	 {A10},
  Title =	 {{Wind bubbles within H ii regions around slowly
                  moving stars}},
  Volume =	 573,
  Year =	 2015
}

@article{van-Buren:1988a,
  Author =	 {{van Buren}, D. and {McCray}, R.},
  Journal =	 {\apjl},
  Month =	 jun,
  Pages =	 {L93-L96},
  Title =	 {{Bow shocks and bubbles are seen around hot stars by
                  IRAS}},
  Volume =	 329,
  Year =	 1988
}

@article{van-Marle:2011a,
  Author =	 {{van Marle}, A.~J. and {Meliani}, Z. and {Keppens},
                  R. and {Decin}, L.},
  Journal =	 {\apjl},
  Month =	 jun,
  Pages =	 {L26},
  Title =	 {{Computing the Dust Distribution in the Bow Shock of
                  a Fast-moving, Evolved Star}},
  Volume =	 734,
  Year =	 2011
}

@article{Scherer:2014a,
  Author =	 {{Scherer}, K. and {Fichtner}, H.},
  Journal =	 {\apj},
  Month =	 feb,
  Pages =	 25,
  Title =	 {{The Return of the Bow Shock}},
  Volume =	 782,
  Year =	 2014
}

@article{Zank:1999a,
  Author =	 {{Zank}, G.~P.},
  Journal =	 {\ssr},
  Month =	 jul,
  Pages =	 {413-688},
  Title =	 {{Interaction of the solar wind with the local
                  interstellar medium: a theoretical perspective}},
  Volume =	 89,
  Year =	 1999
}

@article{Gayley:2009a,
  Author =	 {{Gayley}, K.~G.},
  Journal =	 {\apj},
  Month =	 sep,
  Pages =	 {89-95},
  Title =	 {{Asymptotic Opening Angles for Colliding-Wind Bow
                  Shocks: The Characteristic-Angle Approximation}},
  Volume =	 703,
  Year =	 2009
}

@article{Stevens:1992a,
  Author =	 {{Stevens}, I.~R. and {Blondin}, J.~M. and {Pollock},
                  A.~M.~T.},
  Journal =	 {\apj},
  Month =	 feb,
  Pages =	 {265-287},
  Title =	 {{Colliding winds from early-type stars in binary
                  systems}},
  Volume =	 386,
  Year =	 1992
}

@article{Hartigan:1987a,
  Author =	 {{Hartigan}, P. and {Raymond}, J. and {Hartmann}, L.},
  Journal =	 {\apj},
  Month =	 may,
  Pages =	 {323-348},
  Title =	 {{Radiative bow shock models of Herbig-Haro objects}},
  Volume =	 316,
  Year =	 1987
}

@article{Schwartz:1978b,
  Author =	 {{Schwartz}, R.~D.},
  Journal =	 {\apj},
  Month =	 aug,
  Pages =	 {884-887},
  Title =	 {{A shocked cloudlet model for Herbig-Haro objects}},
  Volume =	 223,
  Year =	 1978
}


@article{Meaburn:2013a,
  Author =	 {{Meaburn}, J. and {Boumis}, P. and {Akras}, S.},
  Journal =	 {\mnras},
  Month =	 nov,
  Pages =	 {3462-3468},
  Title =	 {{The bow-shock and high-speed jet in the faint, 40
                  arcmin diameter, outer halo of the evolved Helix
                  planetary nebula (NGC 7293)}},
  Volume =	 435,
  Year =	 2013
}

@article{Phillips:2010a,
  Author =	 {{Phillips}, J.~P. and {Cuesta}, L.~C. and
                  {Ramos-Larios}, G.},
  Journal =	 {\mnras},
  Month =	 dec,
  Pages =	 {881-902},
  Title =	 {{Mapping and spectroscopy of the planetary nebula
                  NGC 7009 in the visual and infrared}},
  Volume =	 409,
  Year =	 2010
}

@article{Raga:1990a,
  Author =	 {{Raga}, A.~C. and {Binette}, L. and {Canto}, J. and
                  {Calvet}, N.},
  Journal =	 {\apj},
  Month =	 dec,
  Pages =	 {601-610},
  Title =	 {{Stellar jets with intrinsically variable sources}},
  Volume =	 364,
  Year =	 1990
}

@article{Wilson:1987a,
  Author =	 {{Wilson}, A.~S. and {Ulvestad}, J.~S.},
  Journal =	 {\apj},
  Month =	 aug,
  Pages =	 {105-117},
  Title =	 {{A radiative bow shock wave (?) driven by nuclear
                  ejecta in a Seyfert galaxy}},
  Volume =	 319,
  Year =	 1987
}

@article{Markevitch:2002a,
  Author =	 {{Markevitch}, M. and {Gonzalez}, A.~H. and {David},
                  L. and {Vikhlinin}, A. and {Murray}, S. and
                  {Forman}, W. and {Jones}, C. and {Tucker}, W.},
  Journal =	 {\apjl},
  Month =	 mar,
  Pages =	 {L27-L31},
  Title =	 {{A Textbook Example of a Bow Shock in the Merging
                  Galaxy Cluster 1E 0657-56}},
  Volume =	 567,
  Year =	 2002
}

@article{Brownsberger:2014a,
  Author =	 {{Brownsberger}, S. and {Romani}, R.~W.},
  Journal =	 {\apj},
  Month =	 apr,
  Pages =	 154,
  Title =	 {{A Survey for H{$\alpha$} Pulsar Bow Shocks}},
  Volume =	 784,
  Year =	 2014
}

@article{Cordes:1993a,
  Author =	 {{Cordes}, J.~M. and {Romani}, R.~W. and {Lundgren},
                  S.~C.},
  Journal =	 {\nat},
  Month =	 mar,
  Pages =	 {133-135},
  Title =	 {{The Guitar nebula - A bow shock from a slow-spin,
                  high-velocity neutron star}},
  Volume =	 362,
  Year =	 1993
}


@article{Robberto:2005a,
  Author =	 {{Robberto}, M. and {Beckwith}, S.~V.~W. and
                  {Panagia}, N. and {Patel}, S.~G. and {Herbst},
                  T.~M. and {Ligori}, S. and {Custo}, A. and
                  {Boccacci}, P. and {Bertero}, M.},
  Journal =	 {\aj},
  Month =	 mar,
  Pages =	 {1534-1563},
  Title =	 {{The Orion Nebula in the Mid-Infrared}},
  Volume =	 129,
  Year =	 2005
}

@article{Gfrerrer:2009a,
  Author =	 {Anton Gfrerrer and Paul Zsombor-Murray},
  Issn =	 {1433-8157},
  Journal =	 {Journal for Geometry and Graphics},
  Number =	 2,
  Pages =	 {131--144},
  Title =	 {Quadrics of Revolution on Given Points},
  Volume =	 13,
  Year =	 2009
}

@article{Goldman:1983a,
  Address =	 {Los Alamitos, CA, USA},
  Author =	 {Ronald Goldman},
  Doi =
                  {http://doi.ieeecomputersociety.org/10.1109/MCG.1983.263025},
  Issn =	 {0272-1716},
  Journal =	 {IEEE Computer Graphics and Applications},
  Number =	 2,
  Pages =	 {68-76},
  Publisher =	 {IEEE Computer Society},
  Title =	 {Quadrics of Revolution},
  Volume =	 3,
  Year =	 1983
}

@article{Wilkin:1996a,
  Author =	 {{Wilkin}, F.~P.},
  Journal =	 {\apjl},
  Month =	 mar,
  Pages =	 {L31},
  Title =	 {{Exact Analytic Solutions for Stellar Wind Bow
                  Shocks}},
  Volume =	 459,
  Year =	 1996
}

@article{Wilkin:2000a,
  Author =	 {{Wilkin}, F.~P.},
  Journal =	 {\apj},
  Month =	 mar,
  Pages =	 {400-414},
  Title =	 {{Modeling Nonaxisymmetric Bow Shocks: Solution
                  Method and Exact Analytic Solutions}},
  Volume =	 532,
  Year =	 2000
}

@article{Meyer:2017a,
  Author =	 {{Meyer}, D.~M.-A. and {Mignone}, A. and {Kuiper},
                  R. and {Raga}, A.~C. and {Kley}, W.},
  Journal =	 {\mnras},
  Month =	 jan,
  Pages =	 {3229-3248},
  Title =	 {{Bow shock nebulae of hot massive stars in a
                  magnetized medium}},
  Volume =	 464,
  Year =	 2017
}

@article{Kobulnicky:2016a,
  Author =	 {{Kobulnicky}, H.~A. and {Chick}, W.~T. and
                  {Schurhammer}, D.~P. and {Andrews}, J.~E. and
                  {Povich}, M.~S. and {Munari}, S.~A. and {Olivier},
                  G.~M. and {Sorber}, R.~L. and {Wernke}, H.~N. and
                  {Dale}, D.~A. and {Dixon}, D.~M.},
  Journal =	 {\apjs},
  Month =	 dec,
  Pages =	 18,
  Title =	 {{A Comprehensive Search for Stellar Bowshock Nebulae
                  in the Milky Way: A Catalog of 709 Mid-infrared
                  Selected Candidates}},
  Volume =	 227,
  Year =	 2016
}


@article{Kobulnicky:2017a,
  Author =	 {{Kobulnicky}, H.~A. and {Schurhammer}, D.~P. and
                  {Baldwin}, D.~J. and {Chick}, W.~T. and {Dixon},
                  D.~M. and {Lee}, D. and {Povich}, M.~S.},
  Journal =	 {\aj},
  Month =	 nov,
  Pages =	 201,
  Title =	 {{Infrared Photometric Properties of 709 Candidate
                  Stellar Bowshock Nebulae}},
  Volume =	 154,
  Year =	 2017
}

@article{Kobulnicky:2018a,
  Author =	 {{Kobulnicky}, H.~A. and {Chick}, W.~T. and {Povich},
                  M.~S.},
  Journal =	 {\apj},
  Month =	 mar,
  Pages =	 74,
  Title =	 {{Demonstration of a Novel Method for Measuring
                  Mass-loss Rates for Massive Stars}},
  Volume =	 856,
  Year =	 2018
}


@article{Wright:2010a,
  Author =	 {{Wright}, E.~L. and {Eisenhardt}, P.~R.~M. and
                  {Mainzer}, A.~K. and {Ressler}, M.~E. and {Cutri},
                  R.~M. and {Jarrett}, T. and {Kirkpatrick}, J.~D. and
                  {Padgett}, D. and {McMillan}, R.~S. and {Skrutskie},
                  M. and {Stanford}, S.~A. and {Cohen}, M. and
                  {Walker}, R.~G. and {Mather}, J.~C. and {Leisawitz},
                  D. and {Gautier}, III, T.~N. and {McLean}, I. and
                  {Benford}, D. and {Lonsdale}, C.~J. and {Blain},
                  A. and {Mendez}, B. and {Irace}, W.~R. and {Duval},
                  V. and {Liu}, F. and {Royer}, D. and {Heinrichsen},
                  I. and {Howard}, J. and {Shannon}, M. and {Kendall},
                  M. and {Walsh}, A.~L. and {Larsen}, M. and {Cardon},
                  J.~G. and {Schick}, S. and {Schwalm}, M. and {Abid},
                  M. and {Fabinsky}, B. and {Naes}, L. and {Tsai},
                  C.-W.},
  Journal =	 {\aj},
  Month =	 dec,
  Pages =	 {1868-1881},
  Title =	 {{The Wide-field Infrared Survey Explorer (WISE):
                  Mission Description and Initial On-orbit
                  Performance}},
  Volume =	 140,
  Year =	 2010
}

@article{Werner:2004a,
  Author =	 {{Werner}, M.~W. and {Roellig}, T.~L. and {Low},
                  F.~J. and {Rieke}, G.~H. and {Rieke}, M. and
                  {Hoffmann}, W.~F. and {Young}, E. and {Houck},
                  J.~R. and {Brandl}, B. and {Fazio}, G.~G. and
                  {Hora}, J.~L. and {Gehrz}, R.~D. and {Helou}, G. and
                  {Soifer}, B.~T. and {Stauffer}, J. and {Keene},
                  J. and {Eisenhardt}, P. and {Gallagher}, D. and
                  {Gautier}, T.~N. and {Irace}, W. and {Lawrence},
                  C.~R. and {Simmons}, L. and {Van Cleve}, J.~E. and
                  {Jura}, M. and {Wright}, E.~L. and {Cruikshank},
                  D.~P.},
  Journal =	 {\apjs},
  Month =	 sep,
  Pages =	 {1-9},
  Title =	 {{The Spitzer Space Telescope Mission}},
  Volume =	 154,
  Year =	 2004
}

@article{Carey:2009a,
  Author =	 {{Carey}, S.~J. and {Noriega-Crespo}, A. and
                  {Mizuno}, D.~R. and {Shenoy}, S. and {Paladini},
                  R. and {Kraemer}, K.~E. and {Price}, S.~D. and
                  {Flagey}, N. and {Ryan}, E. and {Ingalls}, J.~G. and
                  {Kuchar}, T.~A. and {Pinheiro Gon{\c c}alves},
                  D. and {Indebetouw}, R. and {Billot}, N. and
                  {Marleau}, F.~R. and {Padgett}, D.~L. and {Rebull},
                  L.~M. and {Bressert}, E. and {Ali}, B. and
                  {Molinari}, S. and {Martin}, P.~G. and {Berriman},
                  G.~B. and {Boulanger}, F. and {Latter}, W.~B. and
                  {Miville-Deschenes}, M.~A. and {Shipman}, R. and
                  {Testi}, L.},
  Journal =	 {\pasp},
  Month =	 jan,
  Pages =	 76,
  Title =	 {{MIPSGAL: A Survey of the Inner Galactic Plane at 24
                  and 70{\nbsp}{$\mu$}m}},
  Volume =	 121,
  Year =	 2009
}


@article{Povich:2008a,
  Author =	 {{Povich}, M.~S. and {Benjamin}, R.~A. and {Whitney},
                  B.~A. and {Babler}, B.~L. and {Indebetouw}, R. and
                  {Meade}, M.~R. and {Churchwell}, E.},
  Journal =	 {\apj},
  Month =	 dec,
  Pages =	 {242-248},
  Title =	 {{Interstellar Weather Vanes: GLIMPSE Mid-Infrared
                  Stellar Wind Bow Shocks in M17 and RCW 49}},
  Volume =	 689,
  Year =	 2008
}


@article{Gvaramadze:2008a,
  Author =	 {{Gvaramadze}, V.~V. and {Bomans}, D.~J.},
  Journal =	 {\aap},
  Month =	 nov,
  Pages =	 {1071-1077},
  Title =	 {{Search for OB stars running away from young star
                  clusters. I. NGC 6611}},
  Volume =	 490,
  Year =	 2008
}


@book{Scott:2015a,
  Author =	 {Scott, David W},
  Edition =	 {2nd},
  Publisher =	 {John Wiley \& Sons},
  Title =	 {Multivariate density estimation: theory, practice,
                  and visualization},
  Year =	 2015
}


@article{Leiva-Murillo:2012a,
  Author =	 {Leiva-Murillo, Jos{\'e} M. and
                  Art{\'e}s-Rodr\'{\i}guez, Antonio},
  Journal =	 {Pattern Recogn. Lett.},
  Month =	 oct,
  Number =	 13,
  Pages =	 {1717--1724},
  Title =	 {Algorithms for Maximum-likelihood Bandwidth
                  Selection in Kernel Density Estimators},
  Volume =	 33,
  Year =	 2012
}


@article{Head:2015a,
  Author =	 {Head, Megan L. AND Holman, Luke AND Lanfear, Rob AND
                  Kahn, Andrew T. AND Jennions, Michael D.},
  Journal =	 {PLOS Biology},
  Month =	 03,
  Number =	 3,
  Pages =	 {1-15},
  Title =	 {The Extent and Consequences of P-Hacking in Science},
  Volume =	 13,
  Year =	 2015
}


@article{Majewski:2011a,
  Author =	 {{Majewski}, S.~R. and {Zasowski}, G. and {Nidever},
                  D.~L.},
  Journal =	 {\apj},
  Month =	 sep,
  Pages =	 25,
  Title =	 {{Lifting the Dusty Veil with Near- and Mid-infrared
                  Photometry. I. Description and Applications of the
                  Rayleigh-Jeans Color Excess Method}},
  Volume =	 739,
  Year =	 2011
}


@article{Indebetouw:2005a,
  Author =	 {{Indebetouw}, R. and {Mathis}, J.~S. and {Babler},
                  B.~L. and {Meade}, M.~R. and {Watson}, C. and
                  {Whitney}, B.~A. and {Wolff}, M.~J. and {Wolfire},
                  M.~G. and {Cohen}, M. and {Bania}, T.~M. and
                  {Benjamin}, R.~A. and {Clemens}, D.~P. and {Dickey},
                  J.~M. and {Jackson}, J.~M. and {Kobulnicky},
                  H.~A. and {Marston}, A.~P. and {Mercer}, E.~P. and
                  {Stauffer}, J.~R. and {Stolovy}, S.~R. and
                  {Churchwell}, E.},
  Journal =	 {\apj},
  Month =	 feb,
  Pages =	 {931-938},
  Title =	 {{The Wavelength Dependence of Interstellar
                  Extinction from 1.25 to 8.0 {$\mu$}m Using GLIMPSE
                  Data}},
  Volume =	 619,
  Year =	 2005
}


@article{Eker:2015a,
  Author =	 {{Eker}, Z. and {Soydugan}, F. and {Soydugan}, E. and
                  {Bilir}, S. and {Yaz G{\"o}k{\c c}e}, E. and
                  {Steer}, I. and {T{\"u}ys{\"u}z}, M. and {{\c
                  S}eny{\"u}z}, T. and {Demircan}, O.},
  Journal =	 {\aj},
  Month =	 apr,
  Pages =	 131,
  Title =	 {{Main-Sequence Effective Temperatures from a Revised
                  Mass-Luminosity Relation Based on Accurate
                  Properties}},
  Volume =	 149,
  Year =	 2015
}


@article{Puls:2008a,
  Author =	 {{Puls}, J. and {Vink}, J.~S. and {Najarro}, F.},
  Journal =	 {\aapr},
  Month =	 dec,
  Pages =	 {209-325},
  Title =	 {{Mass loss from hot massive stars}},
  Volume =	 16,
  Year =	 2008
}


@article{Puls:1996a,
  Author =	 {{Puls}, J. and {Kudritzki}, R.-P. and {Herrero},
                  A. and {Pauldrach}, A.~W.~A. and {Haser}, S.~M. and
                  {Lennon}, D.~J. and {Gabler}, R. and {Voels},
                  S.~A. and {Vilchez}, J.~M. and {Wachter}, S. and
                  {Feldmeier}, A.},
  Journal =	 {\aap},
  Month =	 jan,
  Pages =	 171,
  Title =	 {{O-star mass-loss and wind momentum rates in the
                  Galaxy and the Magellanic Clouds Observations and
                  theoretical predictions.}},
  Volume =	 305,
  Year =	 1996
}


@article{Scholz:1987a,
  Author =	 {F. W. Scholz and M. A. Stephens},
  Journal =	 {Journal of the American Statistical Association},
  Number =	 399,
  Pages =	 {918-924},
  Title =	 {K-Sample Anderson--Darling Tests},
  Volume =	 82,
  Year =	 1987
}


@article{Anderson:1952a,
  Author =	 {Anderson, T. W. and Darling, D. A.},
  Journal =	 {Ann. Math. Statist.},
  Month =	 06,
  Number =	 2,
  Pages =	 {193--212},
  Title =	 {Asymptotic Theory of Certain `Goodness of Fit'
                  Criteria Based on Stochastic Processes},
  Volume =	 23,
  Year =	 1952
}



@article{Colquhoun:2014a,
  Author =	 {Colquhoun, David},
  Journal =	 {Royal Society Open Science},
  Number =	 3,
  Title =	 {An investigation of the false discovery rate and the
                  misinterpretation of p-values},
  Volume =	 1,
  Year =	 2014,
  Doi =		 {10.1098/rsos.140216}
}


@article{Goodman:1999a,
  Author =	 {Goodman, S N},
  Journal =	 {Ann Intern Med},
  Month =	 {Jun},
  Number =	 12,
  Pages =	 {995--1004},
  Title =	 {Toward evidence-based medical statistics. 1: The P
                  value fallacy.},
  Volume =	 130,
  Year =	 1999
}


@article{Goodman:1999b,
  Author =	 {Goodman, S N},
  Journal =	 {Ann Intern Med},
  Month =	 {Jun},
  Number =	 12,
  Pages =	 {1005--1013},
  Title =	 {Toward evidence-based medical statistics. 2: The
                  Bayes factor.},
  Volume =	 130,
  Year =	 1999
}


@article{Sellke:2001a,
  Author =	 {Thomas Sellke and M. J Bayarri and James O Berger},
  Journal =	 {The American Statistician},
  Number =	 1,
  Pages =	 {62-71},
  Title =	 {Calibration of p-Values for Testing Precise Null
                  Hypotheses},
  Volume =	 55,
  Year =	 2001
}


@article{Delaney:2002a,
  Author =	 {Delaney, Harold D. and Vargha, Andr{\'a}s},
  Journal =	 {Psychological Methods},
  Number =	 4,
  Pages =	 {485--503},
  Title =	 {Comparing several robust tests of stochastic
                  equality with ordinally scaled variables and small
                  to moderate sized samples.},
  Volume =	 7,
  Year =	 2002
}


@article{Ruscio:2008a,
  Author =	 {Ruscio, John},
  Journal =	 {Psychol Methods},
  Month =	 {Mar},
  Number =	 1,
  Pages =	 {19--30},
  Title =	 {A probability-based measure of effect size:
                  robustness to base rates and other factors.},
  Volume =	 13,
  Year =	 2008
}


@book{Cohen:1988a,
  Author =	 {Cohen, Jacob},
  Edition =	 {2nd},
  Publisher =	 {Routledge},
  Title =	 {Statistical Power Analysis for the Behavioral
                  Sciences},
  Year =	 1988
}


@article{MacCallum:2002a,
  Author =	 {MacCallum, Robert C and Zhang, Shaobo and Preacher,
                  Kristopher J and Rucker, Derek D},
  Journal =	 {Psychol Methods},
  Month =	 {Mar},
  Number =	 1,
  Pages =	 {19--40},
  Title =	 {On the practice of dichotomization of quantitative
                  variables.},
  Volume =	 7,
  Year =	 2002
}

@article{Streiner:2002a,
  Author =	 {Streiner, David L},
  Journal =	 {Can J Psychiatry},
  Month =	 {Apr},
  Number =	 3,
  Pages =	 {262--266},
  Title =	 {Breaking up is hard to do: the heartbreak of
                  dichotomizing continuous data.},
  Volume =	 47,
  Year =	 2002
}


@article{Makarov:2017a,
  Author =	 {Makarov, A. A. and Simonova, G. I.},
  Journal =	 {Journal of Mathematical Sciences},
  Number =	 4,
  Pages =	 {580--587},
  Title =	 {Studying the Power of the Two-Sample
                  Anderson--Darling Test in the Case of Contamination
                  of One Sample},
  Volume =	 221,
  Year =	 2017
}


@article{Cleveland:1979a,
  Author =	 {William S. Cleveland},
  Journal =	 {Journal of the American Statistical Association},
  Number =	 368,
  Pages =	 {829-836},
  Title =	 {Robust Locally Weighted Regression and Smoothing
                  Scatterplots},
  Volume =	 74,
  Year =	 1979
}


@article{Cleveland:1988a,
  Author =	 {William S. Cleveland and Susan J. Devlin},
  Journal =	 {Journal of the American Statistical Association},
  Number =	 403,
  Pages =	 {596-610},
  Title =	 {Locally Weighted Regression: An Approach to
                  Regression Analysis by Local Fitting},
  Volume =	 83,
  Year =	 1988
}


@article{Cureton:1956a,
  Author =	 {Cureton, Edward E.},
  Journal =	 {Psychometrika},
  Number =	 3,
  Pages =	 {287--290},
  Title =	 {Rank-biserial correlation},
  Volume =	 21,
  Year =	 1956
}


@article{Mann:1947a,
  Author =	 {H. B. Mann and D. R. Whitney},
  Journal =	 {The Annals of Mathematical Statistics},
  Number =	 1,
  Pages =	 {50-60},
  Title =	 {On a Test of Whether one of Two Random Variables is
                  Stochastically Larger than the Other},
  Volume =	 18,
  Year =	 1947
}


@article{Brown:1974a,
  Author =	 {Morton B. Brown and Alan B. Forsythe},
  Journal =	 {Journal of the American Statistical Association},
  Number =	 346,
  Pages =	 {364-367},
  Title =	 {Robust Tests for the Equality of Variances},
  Volume =	 69,
  Year =	 1974
}


@article{Cox:2012a,
  Author =	 {{Cox}, N.~L.~J. and {Kerschbaum}, F. and {van
                  Marle}, A.-J. and {Decin}, L. and {Ladjal}, D. and
                  {Mayer}, A. and {Groenewegen}, M.~A.~T. and {van
                  Eck}, S. and {Royer}, P. and {Ottensamer}, R. and
                  {Ueta}, T. and {Jorissen}, A. and {Mecina}, M. and
                  {Meliani}, Z. and {Luntzer}, A. and {Blommaert},
                  J.~A.~D.~L. and {Posch}, T. and {Vandenbussche},
                  B. and {Waelkens}, C.},
  Journal =	 {\aap},
  Month =	 jan,
  Pages =	 {A35},
  Title =	 {{A far-infrared survey of bow shocks and detached
                  shells around AGB stars and red supergiants}},
  Volume =	 537,
  Year =	 2012,
  Note =	 {{See important corrigendum
                  \url{http://adsabs.harvard.edu/abs/2012A\%26A...543C...1C}}}
}


@article{Groenewegen:2011a,
  Author =	 {{Groenewegen}, M.~A.~T. and {Waelkens}, C. and
                  {Barlow}, M.~J. and {Kerschbaum}, F. and
                  {Garcia-Lario}, P. and {Cernicharo}, J. and
                  {Blommaert}, J.~A.~D.~L. and {Bouwman}, J. and
                  {Cohen}, M. and {Cox}, N. and {Decin}, L. and
                  {Exter}, K. and {Gear}, W.~K. and {Gomez}, H.~L. and
                  {Hargrave}, P.~C. and {Henning}, T. and
                  {Hutsem{\'e}kers}, D. and {Ivison}, R.~J. and
                  {Jorissen}, A. and {Krause}, O. and {Ladjal}, D. and
                  {Leeks}, S.~J. and {Lim}, T.~L. and {Matsuura},
                  M. and {Naz{\'e}}, Y. and {Olofsson}, G. and
                  {Ottensamer}, R. and {Polehampton}, E. and {Posch},
                  T. and {Rauw}, G. and {Royer}, P. and {Sibthorpe},
                  B. and {Swinyard}, B.~M. and {Ueta}, T. and
                  {Vamvatira-Nakou}, C. and {Vandenbussche}, B. and
                  {van de Steene}, G.~C. and {van Eck}, S. and {van
                  Hoof}, P.~A.~M. and {van Winckel}, H. and {Verdugo},
                  E. and {Wesson}, R.},
  Journal =	 {\aap},
  Month =	 feb,
  Pages =	 {A162},
  Title =	 {{MESS (Mass-loss of Evolved StarS), a Herschel key
                  program}},
  Volume =	 526,
  Year =	 2011
}


@inproceedings{Joye:2003a,
  Author =	 {{Joye}, W.~A. and {Mandel}, E.},
  Booktitle =	 {Astronomical Data Analysis Software and Systems XII},
  Editor =	 {{Payne}, H.~E. and {Jedrzejewski}, R.~I. and {Hook},
                  R.~N.},
  Pages =	 489,
  Series =	 {Astronomical Society of the Pacific Conference
                  Series},
  Title =	 {{New Features of SAOImage DS9}},
  Volume =	 295,
  Year =	 2003
}


@article{Tenorio-Tagle:1979a,
  Author =	 {{Tenorio-Tagle}, G.},
  Journal =	 {\aap},
  Month =	 jan,
  Pages =	 {59-65},
  Title =	 {{The gas dynamics of H II regions. I - The champagne
                  model}},
  Volume =	 71,
  Year =	 1979
}


@article{Shu:2002a,
  Author =	 {{Shu}, F.~H. and {Lizano}, S. and {Galli}, D. and
                  {Cant{\'o}}, J. and {Laughlin}, G.},
  Journal =	 {\apj},
  Month =	 dec,
  Pages =	 {969-979},
  Title =	 {{Self-similar Champagne Flows in H II Regions}},
  Volume =	 580,
  Year =	 2002
}


@article{Medina:2014a,
  Author =	 {{Medina}, S.-N.~X. and {Arthur}, S.~J. and {Henney},
                  W.~J. and {Mellema}, G. and {Gazol}, A.},
  Journal =	 {\mnras},
  Month =	 dec,
  Pages =	 {1797-1819},
  Title =	 {{Turbulence in simulated H II regions}},
  Volume =	 445,
  Year =	 2014
}



@article{Henney:2002a,
  Author =	 {{Henney}, W.~J.},
  Journal =	 {Revista Mexicana de Astronomia y Astrofisica},
  Month =	 apr,
  Pages =	 {71-81},
  Title =	 {{Multiple Flow Interactions in a Proplyd Binary
                  System I. The Interproplyd Shell}},
  Volume =	 38,
  Year =	 2002
}


@article{Meyer:2016a,
  Author =	 {{Meyer}, D.~M.-A. and {van Marle}, A.-J. and
                  {Kuiper}, R. and {Kley}, W.},
  Journal =	 {\mnras},
  Month =	 jun,
  Pages =	 {1146-1158},
  Title =	 {{On the observability of bow shocks of Galactic
                  runaway OB stars}},
  Volume =	 459,
  Year =	 2016
}



@article{Meyer:2014b,
  Author =	 {{Meyer}, D.~M.-A. and {Mackey}, J. and {Langer},
                  N. and {Gvaramadze}, V.~V. and {Mignone}, A. and
                  {Izzard}, R.~G. and {Kaper}, L.},
  Journal =	 {\mnras},
  Month =	 nov,
  Pages =	 {2754-2775},
  Title =	 {{Models of the circumstellar medium of evolving,
                  massive runaway stars moving through the Galactic
                  plane}},
  Volume =	 444,
  Year =	 2014
}


@article{Hayward:1994a,
  Author =	 {{Hayward}, T.~L. and {Houck}, J.~R. and {Miles},
                  J.~W.},
  Journal =	 {\apj},
  Month =	 sep,
  Pages =	 {157-163},
  Title =	 {{Thermal infrared imaging of subarcsecond structure
                  in the trapezium nebula}},
  Volume =	 433,
  Year =	 1994
}

@article{Smith:2005a,
  Author =	 {{Smith}, N. and {Bally}, J. and {Shuping}, R.~Y. and
                  {Morris}, M. and {Kassis}, M.},
  Journal =	 {\aj},
  Month =	 oct,
  Pages =	 {1763-1777},
  Title =	 {{Thermal Dust Emission from Proplyds, Unresolved
                  Disks, and Shocks in the Orion Nebula}},
  Volume =	 130,
  Year =	 2005
}


@article{Garcia-Arredondo:2001a,
  Author =	 {{Garc{\'{\i}}a-Arredondo}, F. and {Henney},
                  W.~J. and {Arthur}, S.~J.},
  Journal =	 {\apj},
  Month =	 nov,
  Pages =	 {830-842},
  Title =	 {{Hydrodynamic Simulations of Proplyd Bow Shocks}},
  Volume =	 561,
  Year =	 2001
}


@article{Henney:1999a,
  Author =	 {{Henney}, W.~J. and {O'Dell}, C.~R.},
  Journal =	 {\aj},
  Month =	 nov,
  Pages =	 {2350-2368},
  Title =	 {{A Keck High-Resolution Spectroscopic Study of the
                  Orion Nebula Proplyds}},
  Volume =	 118,
  Year =	 1999
}


@article{Graham:2002a,
  Author =	 {{Graham}, M.~F. and {Meaburn}, J. and {Garrington},
                  S.~T. and {O'Brien}, T.~J. and {Henney}, W.~J. and
                  {O'Dell}, C.~R.},
  Journal =	 {\apj},
  Month =	 may,
  Pages =	 {222-230},
  Title =	 {{MERLIN Radio Detection of an Interaction Zone
                  within a Binary Orion Proplyd System}},
  Volume =	 570,
  Year =	 2002
}


@book{Spitzer:1978a,
  Author =	 {{Spitzer}, L.},
  Publisher =	 {New York: Wiley-Interscience},
  Title =	 {{Physical processes in the interstellar medium}},
  Year =	 1978
}


@book{Landau:1976a,
  Author =	 {Landau, L.D. and Lifshitz, E.M.},
  Edition =	 {3rd},
  Publisher =	 {Butterworth-Heinemann},
  Series =	 {Course of Theoretical Physics S},
  Title =	 {Mechanics},
  Volume =	 {1},
  Year =	 {1976}
}


@book{Bohren:1983a,
  Author =	 {Craig F. Bohren and Huffman, D.R.},
  Publisher =	 {Wiley-VCH},
  Title =	 {Absorption and scattering of light by small
                  particles},
  Year =	 {1983}
}


@article{Draine:1979a,
  Author =	 {{Draine}, B.~T. and {Salpeter}, E.~E.},
  Journal =	 {\apj},
  Month =	 jul,
  Pages =	 {77-94},
  Title =	 {{On the physics of dust grains in hot gas}},
  Volume =	 231,
  Year =	 1979
}

@article{Hindmarsh:1983a,
  Author =	 {Hindmarsh, A. C.},
  Journal =	 {IMACS Transactions on Scientific Computation},
  Pages =	 {55--64},
  Title =	 {{ODEPACK}, A Systematized Collection of {ODE}
                  Solvers},
  Volume =	 {1},
  Year =	 {1983}
}



@misc{Jones:2001a,
  Author =	 {Eric Jones and Travis Oliphant and Pearu Peterson
                  and others},
  Lastchecked =	 {2019-01-21},
  Title =	 {{SciPy}: Open source scientific tools for {Python}},
  Url =		 {http://www.scipy.org/},
  Year =	 {2001--2019},
}

@article{Henney:2018a,
  Author =	 {{Henney}, William J. and {Tarango Yong}, Jorge A.},
  Journal =	 {\mnras},
  Title =	 {True versus apparent shapes of dusty radiative bow
                  waves},
  Volume =	 {in preparation},
  Year =	 {2018}
}

@article{Henney:2018b,
  Author =	 {{Henney}, William J. and {Tarango Yong}, Jorge A.},
  Journal =	 {\mnras},
  Title =	 {Weather vanes and runaways: Bow shocks across the HR
                  diagram},
  Volume =	 {in preparation},
  Year =	 {2018}
}


@article{Tarango-Yong:2018a,
  Author =	 {{Tarango-Yong}, J.~A. and {Henney}, W.~J.},
  Journal =	 {\mnras},
  Month =	 jun,
  Pages =	 {2431-2454},
  Title =	 {{True versus apparent shapes of bow shocks}},
  Volume =	 477,
  Year =	 2018
}


@article{Tarango-Yong:2018b,
  Author =	 {{Tarango Yong}, Jorge A. and {Henney}, William J.},
  Journal =	 {\mnras},
  Title =	 {What is confining the proplyd bow shocks in Orion?},
  Volume =	 {in preparation},
  Year =	 {2018}
}


@article{Gull:1979a,
  Author =	 {{Gull}, T.~R. and {Sofia}, S.},
  Journal =	 {\apj},
  Month =	 jun,
  Pages =	 {782-785},
  Title =	 {{Discovery of two distorted interstellar bubbles}},
  Volume =	 230,
  Year =	 1979
}


@article{Ochsendorf:2014b,
  Author =	 {{Ochsendorf}, B.~B. and {Cox}, N.~L.~J. and {Krijt},
                  S. and {Salgado}, F. and {Bern{\'e}}, O. and
                  {Bernard}, J.~P. and {Kaper}, L. and {Tielens},
                  A.~G.~G.~M.},
  Journal =	 {\aap},
  Month =	 mar,
  Pages =	 {A65},
  Title =	 {{Blowing in the wind: The dust wave around
                  {$\sigma$} Orionis AB}},
  Volume =	 563,
  Year =	 2014
}

@article{Ochsendorf:2014a,
  Author =	 {{Ochsendorf}, B.~B. and {Verdolini}, S. and {Cox},
                  N.~L.~J. and {Bern{\'e}}, O. and {Kaper}, L. and
                  {Tielens}, A.~G.~G.~M.},
  Journal =	 {\aap},
  Month =	 jun,
  Pages =	 {A75},
  Title =	 {{Radiation-pressure-driven dust waves inside
                  bursting interstellar bubbles}},
  Volume =	 566,
  Year =	 2014
}

@article{Ochsendorf:2015a,
  Author =	 {{Ochsendorf}, B.~B. and {Tielens}, A.~G.~G.~M.},
  Journal =	 {\aap},
  Month =	 apr,
  Pages =	 {A2},
  Title =	 {{A bimodal dust grain distribution in the IC 434 H
                  ii region}},
  Volume =	 576,
  Year =	 2015
}

@article{de-Sterck:1999a,
  Author =	 {{de Sterck}, H. and {Poedts}, S.},
  Journal =	 {\aap},
  Month =	 mar,
  Pages =	 {641-649},
  Title =	 {{Field-aligned magnetohydrodynamic bow shock flows
                  in the switch-on regime. Parameter study of the flow
                  around a cylinder and results for the
                  axi-symmetrical flow over a sphere}},
  Volume =	 343,
  Year =	 1999
}

@article{Astropy-Collaboration:2013a,
  Author =	 {{Astropy Collaboration} and {Robitaille}, T.~P. and
                  {Tollerud}, E.~J. and {Greenfield}, P. and
                  {Droettboom}, M. and {Bray}, E. and {Aldcroft},
                  T. and {Davis}, M. and {Ginsburg}, A. and
                  {Price-Whelan}, A.~M. and {Kerzendorf}, W.~E. and
                  {Conley}, A. and {Crighton}, N. and {Barbary},
                  K. and {Muna}, D. and {Ferguson}, H. and {Grollier},
                  F. and {Parikh}, M.~M. and {Nair}, P.~H. and
                  {Unther}, H.~M. and {Deil}, C. and {Woillez}, J. and
                  {Conseil}, S. and {Kramer}, R. and {Turner},
                  J.~E.~H. and {Singer}, L. and {Fox}, R. and
                  {Weaver}, B.~A. and {Zabalza}, V. and {Edwards},
                  Z.~I. and {Azalee Bostroem}, K. and {Burke},
                  D.~J. and {Casey}, A.~R. and {Crawford}, S.~M. and
                  {Dencheva}, N. and {Ely}, J. and {Jenness}, T. and
                  {Labrie}, K. and {Lim}, P.~L. and {Pierfederici},
                  F. and {Pontzen}, A. and {Ptak}, A. and {Refsdal},
                  B. and {Servillat}, M. and {Streicher}, O.},
  Journal =	 {\aap},
  Month =	 oct,
  Pages =	 {A33},
  Title =	 {{Astropy: A community Python package for astronomy}},
  Volume =	 558,
  Year =	 2013
}


@article{Henney:2013a,
  Author =	 {{Henney}, W.~J. and {Garc{\'{\i}}a-D{\'{\i}}az},
                  M.~T. and {O'Dell}, C.~R. and {Rubin}, R.~H.},
  Journal =	 {\mnras},
  Month =	 jan,
  Pages =	 {691-711},
  Title =	 {{Mapping the complex kinematics of LL objects in the
                  Orion nebula}},
  Volume =	 428,
  Year =	 2013
}


@book{Lamers:1999b,
  Author =	 {{Lamers}, H.~J.~G.~L.~M. and {Cassinelli}, J.~P.},
  Month =	 jun,
  Publisher =	 {Cambridge, UK: Cambridge University Press},
  Title =	 {{Introduction to Stellar Winds}},
  Year =	 1999
}


@article{Bertoldi:1996a,
  Author =	 {{Bertoldi}, F. and {Draine}, B.~T.},
  Journal =	 {\apj},
  Month =	 feb,
  Pages =	 {222},
  Title =	 {{Nonequilibrium Photodissociation Regions:
                  Ionization-Dissociation Fronts}},
  Volume =	 458,
  Year =	 1996
}


@article{Brott:2011a,
  Author =	 {{Brott}, I. and {de Mink}, S.~E. and {Cantiello},
                  M. and {Langer}, N. and {de Koter}, A. and {Evans},
                  C.~J. and {Hunter}, I. and {Trundle}, C. and {Vink},
                  J.~S.},
  Journal =	 {\aap},
  Month =	 jun,
  Pages =	 {A115},
  Title =	 {{Rotating massive main-sequence stars. I. Grids of
                  evolutionary models and isochrones}},
  Volume =	 530,
  Year =	 2011
}


@article{Vink:2000a,
  Author =	 {{Vink}, J.~S. and {de Koter}, A. and {Lamers},
                  H.~J.~G.~L.~M.},
  Journal =	 {\aap},
  Month =	 oct,
  Pages =	 {295-309},
  Title =	 {{New theoretical mass-loss rates of O and B stars}},
  Volume =	 362,
  Year =	 2000
}



@article{de-Jager:1988a,
  Author =	 {{de Jager}, C. and {Nieuwenhuijzen}, H. and {van der
                  Hucht}, K.~A.},
  Journal =	 {\aaps},
  Month =	 feb,
  Pages =	 {259-289},
  Title =	 {{Mass loss rates in the Hertzsprung-Russell
                  diagram}},
  Volume =	 72,
  Year =	 1988
}


@article{Lamers:1995a,
  Author =	 {{Lamers}, H.~J.~G.~L.~M. and {Snow}, T.~P. and
                  {Lindholm}, D.~M.},
  Journal =	 {\apj},
  Month =	 dec,
  Pages =	 {269},
  Title =	 {{Terminal Velocities and the Bistability of Stellar
                  Winds}},
  Volume =	 455,
  Year =	 1995
}


@article{Vink:1999a,
  Author =	 {{Vink}, J.~S. and {de Koter}, A. and {Lamers},
                  H.~J.~G.~L.~M.},
  Journal =	 {\aap},
  Month =	 oct,
  Pages =	 {181-196},
  Title =	 {{On the nature of the bi-stability jump in the winds
                  of early-type supergiants}},
  Volume =	 350,
  Year =	 1999
}


@article{Sexton:2015b,
  Author =	 {{Sexton}, R.~O. and {Povich}, M.~S. and {Smith},
                  N. and {Babler}, B.~L. and {Meade}, M.~R. and
                  {Rudolph}, A.~L.},
  Journal =	 {\mnras},
  Month =	 jan,
  Pages =	 {1047-1059},
  Title =	 {{Extended red objects and stellar-wind bow shocks in
                  the Carina Nebula}},
  Volume =	 446,
  Year =	 2015
}


@article{Prinja:1989a,
  Author =	 {{Prinja}, R.~K.},
  Journal =	 {\mnras},
  Month =	 dec,
  Pages =	 {721-752},
  Title =	 {{Ultraviolet observations of stellar winds in Be and
                  'normal' B non-supergiant stars}},
  Volume =	 241,
  Year =	 1989
}


@article{Krticka:2014a,
  Author =	 {{Krti{\v c}ka}, J.},
  Journal =	 {\aap},
  Month =	 apr,
  Pages =	 {A70},
  Title =	 {{Mass loss in main-sequence B stars}},
  Volume =	 564,
  Year =	 2014
}


@article{Oskinova:2011b,
  Author =	 {{Oskinova}, L.~M. and {Todt}, H. and {Ignace},
                  R. and {Brown}, J.~C. and {Cassinelli}, J.~P. and
                  {Hamann}, W.-R.},
  Journal =	 {\mnras},
  Month =	 sep,
  Pages =	 {1456-1474},
  Title =	 {{Early magnetic B-type stars: X-ray emission and
                  wind properties}},
  Volume =	 416,
  Year =	 2011
}



@article{Henney:2005b,
  Author =	 {{Henney}, W.~J. and {Arthur}, S.~J. and {Williams},
                  R.~J.~R. and {Ferland}, G.~J.},
  Journal =	 {\apj},
  Month =	 mar,
  Pages =	 {328-347},
  Title =	 {{Self-Consistent Dynamic Models of Steady Ionization
                  Fronts. I. Weak-D and Weak-R Fronts}},
  Volume =	 621,
  Year =	 2005
}


@article{Mac-Low:1991a,
  Author =	 {{Mac Low}, M.-M. and {van Buren}, D. and {Wood},
                  D.~O.~S. and {Churchwell}, E.},
  Journal =	 {\apj},
  Month =	 mar,
  Pages =	 {395-409},
  Title =	 {{Bow shock models of ultracompact H II regions}},
  Volume =	 369,
  Year =	 1991
}


@article{Arthur:2006a,
  Author =	 {{Arthur}, S.~J. and {Hoare}, M.~G.},
  Journal =	 {\apjs},
  Month =	 jul,
  Pages =	 {283-306},
  Title =	 {{Hydrodynamics of Cometary Compact H II Regions}},
  Volume =	 165,
  Year =	 2006
}


@book{Osterbrock:2006a,
  Author =	 {{Osterbrock}, D.~E. and {Ferland}, G.~J.},
  Edition =	 {Second},
  Publisher =	 {Sausalito, CA: University Science Books},
  Title =	 {{Astrophysics of gaseous nebulae and active galactic
                  nuclei}},
  Year =	 2006
}


@article{Sternberg:2003a,
  Author =	 {{Sternberg}, A. and {Hoffmann}, T.~L. and
                  {Pauldrach}, A.~W.~A.},
  Journal =	 {\apj},
  Month =	 dec,
  Pages =	 {1333-1343},
  Title =	 {{Ionizing Photon Emission Rates from O- and Early
                  B-Type Stars and Clusters}},
  Volume =	 599,
  Year =	 2003
}


@article{Rodriguez-Ramirez:2016b,
  Author =	 {{Rodr{\'{\i}}guez-Ram{\'{\i}}rez}, J.~C. and {Raga},
                  A.~C.},
  Journal =	 {\mnras},
  Month =	 aug,
  Pages =	 {1876-1884},
  Title =	 {{The effect of radiation pressure on planar,
                  self-gravitating H II regions and its neutral
                  environment}},
  Volume =	 460,
  Year =	 2016
}


@book{Guggenheimer:2012a,
  Author =	 {Guggenheimer, H.W.},
  Publisher =	 {Dover Publications},
  Series =	 {Dover Books on Mathematics},
  Title =	 {Differential Geometry},
  Year =	 2012
}


@misc{Weisstein:2018a,
  Author =	 {Weisstein, Eric W.},
  Howpublished = {From MathWorld -- A Wolfram Web Resource.},
  Lastchecked =	 {2018-01-16},
  Title =	 {Radius of Curvature},
  Url =		 {http://mathworld.wolfram.com/RadiusofCurvature.html},
  Year =	 {1999--2018}
}


@article{Mohr:2015a,
  Author =	 {Peter J Mohr and William D Phillips},
  Journal =	 {Metrologia},
  Number =	 1,
  Pages =	 40,
  Title =	 {Dimensionless units in the SI},
  Volume =	 52,
  Year =	 2015
}


@article{Quincey:2017a,
  Author =	 {Paul Quincey and Richard J C Brown},
  Journal =	 {Metrologia},
  Number =	 4,
  Pages =	 454,
  Title =	 {A clearer approach for defining unit systems},
  Volume =	 54,
  Year =	 2017
}


@book{Penrose:2004a,
  Address =	 {London},
  Author =	 {{Penrose}, R.},
  Publisher =	 {Jonathan Cape},
  Title =	 {{The road to reality : a complete guide to the laws
                  of the universe}},
  Year =	 2004
}


@article{Bally:2000a,
  Author =	 {{Bally}, J. and {O'Dell}, C.~R. and {McCaughrean},
                  M.~J.},
  Journal =	 {\aj},
  Month =	 jun,
  Pages =	 {2919-2959},
  Title =	 {{Disks, Microjets, Windblown Bubbles, and Outflows
                  in the Orion Nebula}},
  Volume =	 119,
  Year =	 2000
}


@article{Bally:2006a,
  Author =	 {{Bally}, J. and {Licht}, D. and {Smith}, N. and
                  {Walawender}, J.},
  Journal =	 {\aj},
  Month =	 jan,
  Pages =	 {473-500},
  Title =	 {{Irradiated and Bent Jets in the Orion Nebula}},
  Volume =	 131,
  Year =	 2006
}


@article{Ricci:2008a,
  Author =	 {{Ricci}, L. and {Robberto}, M. and {Soderblom},
                  D.~R.},
  Journal =	 {\aj},
  Month =	 nov,
  Pages =	 {2136-2151},
  Title =	 {{The Hubble Space Telescope/Advanced Camera for
                  Surveys Atlas of Protoplanetary Disks in the Great
                  Orion Nebula}},
  Volume =	 136,
  Year =	 2008
}


@mastersthesis{Gutierrez-Soto:2015a,
  Author =	 {Luis {\'A}ngel Guti{\'e}rrez-Soto},
  School =	 {Universidad Nacional Aut{\'o}noma de M{\'e}xico},
  Title =	 {Un cat{\'a}logo de choques de proa estacionarios en
                  la nebulosa de Ori{\'o}n},
  Year =	 2015
}



@article{Astropy-Collaboration:2018a,
  Author =	 {{Astropy Collaboration} and {Price-Whelan},
                  A.~M. and {Sip{\H o}cz}, B.~M. and {G{\"u}nther},
                  H.~M. and {Lim}, P.~L. and {Crawford}, S.~M. and
                  {Conseil}, S. and {Shupe}, D.~L. and {Craig},
                  M.~W. and {Dencheva}, N. and {Ginsburg}, A. and
                  {VanderPlas}, J.~T. and {Bradley}, L.~D. and
                  {P{\'e}rez-Su{\'a}rez}, D. and {de Val-Borro},
                  M. and {Aldcroft}, T.~L. and {Cruz}, K.~L. and
                  {Robitaille}, T.~P. and {Tollerud}, E.~J. and
                  {Ardelean}, C. and {Babej}, T. and {Bachetti},
                  M. and {Bakanov}, A.~V. and {Bamford}, S.~P. and
                  {Barentsen}, G. and {Barmby}, P. and {Baumbach},
                  A. and {Berry}, K.~L. and {Biscani}, F. and
                  {Boquien}, M. and {Bostroem}, K.~A. and {Bouma},
                  L.~G. and {Brammer}, G.~B. and {Bray}, E.~M. and
                  {Breytenbach}, H. and {Buddelmeijer}, H. and
                  {Burke}, D.~J. and {Calderone}, G. and {Cano
                  Rodr{\'{\i}}guez}, J.~L. and {Cara}, M. and
                  {Cardoso}, J.~V.~M. and {Cheedella}, S. and {Copin},
                  Y. and {Crichton}, D. and {D{\'A}vella}, D. and
                  {Deil}, C. and {Depagne}, {\'E}. and {Dietrich},
                  J.~P. and {Donath}, A. and {Droettboom}, M. and
                  {Earl}, N. and {Erben}, T. and {Fabbro}, S. and
                  {Ferreira}, L.~A. and {Finethy}, T. and {Fox},
                  R.~T. and {Garrison}, L.~H. and {Gibbons},
                  S.~L.~J. and {Goldstein}, D.~A. and {Gommers},
                  R. and {Greco}, J.~P. and {Greenfield}, P. and
                  {Groener}, A.~M. and {Grollier}, F. and {Hagen},
                  A. and {Hirst}, P. and {Homeier}, D. and {Horton},
                  A.~J. and {Hosseinzadeh}, G. and {Hu}, L. and
                  {Hunkeler}, J.~S. and {Ivezi{\'c}}, {\v Z}. and
                  {Jain}, A. and {Jenness}, T. and {Kanarek}, G. and
                  {Kendrew}, S. and {Kern}, N.~S. and {Kerzendorf},
                  W.~E. and {Khvalko}, A. and {King}, J. and {Kirkby},
                  D. and {Kulkarni}, A.~M. and {Kumar}, A. and {Lee},
                  A. and {Lenz}, D. and {Littlefair}, S.~P. and {Ma},
                  Z. and {Macleod}, D.~M. and {Mastropietro}, M. and
                  {McCully}, C. and {Montagnac}, S. and {Morris},
                  B.~M. and {Mueller}, M. and {Mumford}, S.~J. and
                  {Muna}, D. and {Murphy}, N.~A. and {Nelson}, S. and
                  {Nguyen}, G.~H. and {Ninan}, J.~P. and {N{\"o}the},
                  M. and {Ogaz}, S. and {Oh}, S. and {Parejko},
                  J.~K. and {Parley}, N. and {Pascual}, S. and
                  {Patil}, R. and {Patil}, A.~A. and {Plunkett},
                  A.~L. and {Prochaska}, J.~X. and {Rastogi}, T. and
                  {Reddy Janga}, V. and {Sabater}, J. and {Sakurikar},
                  P. and {Seifert}, M. and {Sherbert}, L.~E. and
                  {Sherwood-Taylor}, H. and {Shih}, A.~Y. and {Sick},
                  J. and {Silbiger}, M.~T. and {Singanamalla}, S. and
                  {Singer}, L.~P. and {Sladen}, P.~H. and {Sooley},
                  K.~A. and {Sornarajah}, S. and {Streicher}, O. and
                  {Teuben}, P. and {Thomas}, S.~W. and {Tremblay},
                  G.~R. and {Turner}, J.~E.~H. and {Terr{\'o}n},
                  V. and {van Kerkwijk}, M.~H. and {de la Vega},
                  A. and {Watkins}, L.~L. and {Weaver}, B.~A. and
                  {Whitmore}, J.~B. and {Woillez}, J. and {Zabalza},
                  V.},
  Journal =	 {ArXiv e-prints},
  archivePrefix ="arXiv",
  eprint =	 {1801.02634},
  primaryClass = "astro-ph.IM",
  keywords =	 {Astrophysics - Instrumentation and Methods for
                  Astrophysics},
  adsurl =	 {http://adsabs.harvard.edu/abs/2018arXiv180102634T},
  adsnote =	 {Provided by the SAO/NASA Astrophysics Data System},
  Month =	 jan,
  Title =	 {{The Astropy Project: Building an inclusive,
                  open-science project and status of the v2.0 core
                  package}},
  Url =		 {http://arxiv.org/abs/1801.02634},
  Note =	 {http://arxiv.org/abs/1801.02634},
  Year =	 2018
}


@phdthesis{Wilkin:1997a,
  Author =	 {{Wilkin}, F.~P.},
  School =	 {University of California, Berkeley},
  Title =	 {{Models of Interacting Stellar Winds}},
  Year =	 1997
}


@article{Ng:2017a,
  Author =	 {{Ng}, C.-Y. and {Bandiera}, R. and {Hunstead},
                  R.~W. and {Johnston}, S.},
  Journal =	 {\apj},
  Month =	 jun,
  Pages =	 100,
  Title =	 {{Discovery of a Synchrotron Bubble Associated with
                  PSR J1015-5719}},
  Volume =	 842,
  Year =	 2017
}



@article{Weidenschilling:1977b,
  Author =	 {{Weidenschilling}, S.~J.},
  Journal =	 {\mnras},
  Month =	 jul,
  Pages =	 {57-70},
  Title =	 {{Aerodynamics of solid bodies in the solar nebula}},
  Volume =	 180,
  Year =	 1977
}


@article{Weingartner:2001b,
  Author =	 {{Weingartner}, J.~C. and {Draine}, B.~T.},
  Journal =	 {\apjs},
  Month =	 jun,
  Pages =	 {263-281},
  Title =	 {{Photoelectric Emission from Interstellar Dust:
                  Grain Charging and Gas Heating}},
  Volume =	 134,
  Year =	 2001
}


@article{Weingartner:2001a,
  Author =	 {{Weingartner}, J.~C. and {Draine}, B.~T.},
  Journal =	 {\apj},
  Month =	 feb,
  Pages =	 {296-309},
  Title =	 {{Dust Grain-Size Distributions and Extinction in the
                  Milky Way, Large Magellanic Cloud, and Small
                  Magellanic Cloud}},
  Volume =	 548,
  Year =	 2001
}


@article{Weingartner:2006a,
  Author =	 {{Weingartner}, J.~C. and {Draine}, B.~T. and {Barr},
                  D.~K.},
  Journal =	 {\apj},
  Month =	 jul,
  Pages =	 {1188-1197},
  Title =	 {{Photoelectric Emission from Dust Grains Exposed to
                  Extreme Ultraviolet and X-Ray Radiation}},
  Volume =	 645,
  Year =	 2006
}


@article{Arthur:2011a,
  Author =	 {{Arthur}, S.~J. and {Henney}, W.~J. and {Mellema},
                  G. and {de Colle}, F. and {V{\'a}zquez-Semadeni},
                  E.},
  Journal =	 {\mnras},
  Month =	 jun,
  Pages =	 {1747-1768},
  Title =	 {{Radiation-magnetohydrodynamic simulations of H II
                  regions and their associated PDRs in turbulent
                  molecular clouds}},
  Volume =	 414,
  Year =	 2011
}


@article{Ferland:2013a,
  Author =	 {{Ferland}, G.~J. and {Porter}, R.~L. and {van Hoof},
                  P.~A.~M. and {Williams}, R.~J.~R. and {Abel},
                  N.~P. and {Lykins}, M.~L. and {Shaw}, G. and
                  {Henney}, W.~J. and {Stancil}, P.~C.},
  Journal =	 {\rmxaa},
  Month =	 apr,
  Pages =	 {137-163},
  Title =	 {{The 2013 Release of Cloudy}},
  Volume =	 49,
  Year =	 2013
}

@article{Ferland:2017a,
  Author =	 {{Ferland}, G.~J. and {Chatzikos}, M. and {Guzmán},
                  F. and {Lykins}, M.~L. and {van Hoof}, P.~A.~M. and
                  {Williams}, R.~J.~R. and {Abel}, N.~P. and
                  {Badnell}, N.~R. and {Keenan}, F.~P. and {Porter},
                  R.~L. and {Stancil}, P.~C.},
  Journal =	 {\rmxaa},
  Month =	 oct,
  Pages =	 {385-438},
  Title =	 {{The 2017 Release Cloudy}},
  Volume =	 53,
  Year =	 2017
}


@article{van-Hoof:2004a,
  Author =	 {{van Hoof}, P.~A.~M. and {Weingartner}, J.~C. and
                  {Martin}, P.~G. and {Volk}, K. and {Ferland}, G.~J.},
  Journal =	 {\mnras},
  Month =	 jun,
  Pages =	 {1330-1341},
  Title =	 {{Grain size distributions and photoelectric heating
                  in ionized media}},
  Volume =	 350,
  Year =	 2004
}


@article{Baldwin:1991a,
  Author =	 {{Baldwin}, J.~A. and {Ferland}, G.~J. and {Martin},
                  P.~G. and {Corbin}, M.~R. and {Cota}, S.~A. and
                  {Peterson}, B.~M. and {Slettebak}, A.},
  Journal =	 {\apj},
  Month =	 jun,
  Pages =	 {580-609},
  Title =	 {{Physical conditions in the Orion Nebula and an
                  assessment of its helium abundance}},
  Volume =	 374,
  Year =	 1991
}


@article{Abel:2008a,
  Author =	 {{Abel}, N.~P. and {Hoof}, P.~A.~M.~v. and {Shaw},
                  G. and {Ferland}, G.~J. and {Elwert}, T.},
  Journal =	 {\apj},
  Month =	 oct,
  Pages =	 {1125-1136},
  Title =	 {{Sensitivity of PDR Calculations to Microphysical
                  Details}},
  Volume =	 686,
  Year =	 2008
}


@article{Lanz:2003a,
  Author =	 {{Lanz}, T. and {Hubeny}, I.},
  Journal =	 {\apjs},
  Month =	 jun,
  Pages =	 {417-441},
  Title =	 {{A Grid of Non-LTE Line-blanketed Model Atmospheres
                  of O-Type Stars}},
  Volume =	 146,
  Year =	 2003
}


@article{Lanz:2007a,
  Author =	 {{Lanz}, T. and {Hubeny}, I.},
  Journal =	 {\apjs},
  Month =	 mar,
  Pages =	 {83-104},
  Title =	 {{A Grid of NLTE Line-blanketed Model Atmospheres of
                  Early B-Type Stars}},
  Volume =	 169,
  Year =	 2007
}


@article{Baines:1965a,
  Author =	 {{Baines}, M.~J. and {Williams}, I.~P. and
                  {Asebiomo}, A.~S.},
  Journal =	 {\mnras},
  Pages =	 63,
  Title =	 {{Resistance to the motion of a small sphere moving
                  through a gas}},
  Volume =	 130,
  Year =	 1965
}


@article{Chandrasekhar:1941a,
  Author =	 {{Chandrasekhar}, I.~S.},
  Journal =	 {\apj},
  Month =	 mar,
  Pages =	 {285},
  Title =	 {{The Time of Relaxation of Stellar Systems.}},
  Volume =	 93,
  Year =	 1941
}


@article{Mathis:1983a,
  Author =	 {{Mathis}, J.~S. and {Mezger}, P.~G. and {Panagia},
                  N.},
  Journal =	 {\aap},
  Month =	 nov,
  Pages =	 {212-229},
  Title =	 {{Interstellar radiation field and dust temperatures
                  in the diffuse interstellar matter and in giant
                  molecular clouds}},
  Volume =	 128,
  Year =	 1983
}


@article{Draine:2007a,
  Author =	 {{Draine}, B.~T. and {Li}, A.},
  Journal =	 {\apj},
  Month =	 mar,
  Pages =	 {810-837},
  Title =	 {{Infrared Emission from Interstellar Dust. IV. The
                  Silicate-Graphite-PAH Model in the Post-Spitzer
                  Era}},
  Volume =	 657,
  Year =	 2007
}


@article{Draine:2001a,
  Author =	 {{Draine}, B.~T. and {Li}, A.},
  Journal =	 {\apj},
  Month =	 apr,
  Pages =	 {807-824},
  Title =	 {{Infrared Emission from Interstellar
                  Dust. I. Stochastic Heating of Small Grains}},
  Volume =	 551,
  Year =	 2001
}



@article{Hoang:2018a,
  Author =	 {{Hoang}, T. and {Tram}, L.~N. and {Lee}, H. and
                  {Ahn}, S.-H.},
  Journal =	 {arXiv e-prints},
  Month =	 oct,
  Title =	 {{A New Mechanism of Dust Destruction by Massive
                  Stars, Supernovae, and Kilonovae: Rotational
                  Disruption by Radiative Torques}},
  Year =	 2018
}

@article{Xie:2018a,
  Author =	 {{Xie}, Y. and {Ho}, L.~C. and {Li}, A. and
                  {Shangguan}, J.},
  Journal =	 {\apj},
  Month =	 nov,
  Pages =	 {91},
  Title =	 {{The Widespread Presence of Nanometer-size Dust
                  Grains in the Interstellar Medium of Galaxies}},
  Volume =	 867,
  Year =	 2018
}

@article{Lebouteiller:2011a,
  Author =	 {{Lebouteiller}, V. and {Bernard-Salas}, J. and
                  {Whelan}, D.~G. and {Brandl}, B. and {Galliano},
                  F. and {Charmandaris}, V. and {Madden}, S. and
                  {Kunth}, D.},
  Journal =	 {\apj},
  Month =	 feb,
  Pages =	 {45},
  Title =	 {{Influence of the Environment on Polycyclic Aromatic
                  Hydrocarbon Emission in Star-forming Regions}},
  Volume =	 728,
  Year =	 2011
}

@article{Desert:1990a,
  Author =	 {{Desert}, F.-X. and {Boulanger}, F. and {Puget},
                  J.~L.},
  Journal =	 {\aap},
  Month =	 oct,
  Pages =	 {215-236},
  Title =	 {{Interstellar dust models for extinction and
                  emission}},
  Volume =	 237,
  Year =	 1990
}

@article{Giard:1994a,
  Author =	 {{Giard}, M. and {Bernard}, J.~P. and {Lacombe},
                  F. and {Normand}, P. and {Rouan}, D.},
  Journal =	 {\aap},
  Month =	 nov,
  Pages =	 {239-249},
  Title =	 {{PAH destruction at ionization fronts}},
  Volume =	 291,
  Year =	 1994
}


@article{Draine:1981a,
  Author =	 {{Draine}, B.~T.},
  Journal =	 {\apj},
  Month =	 may,
  Pages =	 {880-890},
  Title =	 {{Infrared emission from dust in shocked gas}},
  Volume =	 245,
  Year =	 1981
}


@article{Brown:2015a,
  Author =	 {{Brown}, W.~R.},
  Journal =	 {\araa},
  Month =	 aug,
  Pages =	 {15-49},
  Title =	 {{Hypervelocity Stars}},
  Volume =	 53,
  Year =	 2015
}


@article{Henney:1998b,
  Author =	 {{Henney}, W.~J. and {Arthur}, S.~J.},
  Journal =	 {\aj},
  Month =	 jul,
  Pages =	 {322-335},
  Title =	 {{Modeling the Brightness Profiles of the Orion
                  Proplyds}},
  Volume =	 116,
  Year =	 1998
}


@article{Habing:1968a,
  Author =	 {{Habing}, H.~J.},
  Journal =	 {\bain},
  Month =	 jan,
  Pages =	 {421-+},
  Title =	 {{The interstellar radiation density between 912 A
                  and 2400 A}},
  Volume =	 19,
  Year =	 1968
}


@article{Duley:1973a,
  Author =	 {{Duley}, W.~W.},
  Journal =	 {\apss},
  Month =	 jul,
  Pages =	 {43-50},
  Title =	 {{Fluctuations in Interstellar Grain Temperatures}},
  Volume =	 23,
  Year =	 1973
}


@article{Tielens:1985a,
  Author =	 {{Tielens}, A.~G.~G.~M. and {Hollenbach}, D.},
  Journal =	 {\apj},
  Month =	 apr,
  Pages =	 {722-754},
  Title =	 {{Photodissociation regions. I - Basic model. II - A
                  model for the Orion photodissociation region}},
  Volume =	 291,
  Year =	 1985
}


@article{Hoogerwerf:2001a,
  Author =	 {{Hoogerwerf}, R. and {de Bruijne}, J.~H.~J. and {de
                  Zeeuw}, P.~T.},
  Journal =	 {\aap},
  Month =	 jan,
  Pages =	 {49-77},
  Title =	 {{On the origin of the O and B-type stars with high
                  velocities. II. Runaway stars and pulsars ejected
                  from the nearby young stellar groups}},
  Volume =	 365,
  Year =	 2001
}


@article{Oh:2016c,
  Author =	 {{Oh}, S. and {Kroupa}, P.},
  Journal =	 {\aap},
  Month =	 may,
  Pages =	 {A107},
  Title =	 {{Dynamical ejections of massive stars from young
                  star clusters under diverse initial conditions}},
  Volume =	 590,
  Year =	 2016
}



@article{Renzo:2018a,
  Author =	 {{Renzo}, M. and {Zapartas}, E. and {de Mink},
                  S.~E. and {Götberg}, Y. and {Justham}, S. and
                  {Farmer}, R.~J. and {Izzard}, R.~G. and {Toonen},
                  S. and {Sana}, H.},
  Journal =	 {arXiv},
  Month =	 apr,
  Title =	 {{Massive runaways and walkaway stars}},
  Volume =	 {1804.09164},
  Year =	 2018
}


@article{Wang:2019a,
  Author =	 {{Wang}, L. and {Kroupa}, P. and {Jerabkova}, T.},
  Journal =	 {\mnras},
  Month =	 apr,
  Pages =	 {1843-1851},
  Title =	 {{Complete ejection of OB stars from very young star
                  clusters and the formation of multiple populations}},
  Volume =	 484,
  Year =	 2019
}


@article{Martins:2005a,
  Author =	 {{Martins}, F. and {Schaerer}, D. and {Hillier},
                  D.~J.},
  Journal =	 {\aap},
  Month =	 jun,
  Pages =	 {1049-1065},
  Title =	 {{A new calibration of stellar parameters of Galactic
                  O stars}},
  Volume =	 436,
  Year =	 2005
}


@article{Tuthill:1999a,
  Author =	 {{Tuthill}, P.~G. and {Monnier}, J.~D. and {Danchi},
                  W.~C.},
  Journal =	 {\nat},
  Month =	 apr,
  Pages =	 {487-489},
  Title =	 {{A dusty pinwheel nebula around the massive star
                  WR104}},
  Volume =	 398,
  Year =	 1999
}

@article{Callingham:2019a,
  Author =	 {{Callingham}, J.~R. and {Tuthill}, P.~G. and {Pope},
                  B.~J.~S. and {Williams}, P.~M. and {Crowther},
                  P.~A. and {Edwards}, M. and {Norris}, B. and
                  {Kedziora-Chudczer}, L.},
  Journal =	 {Nature Astronomy},
  Month =	 jan,
  Pages =	 {82-87},
  Title =	 {{Anisotropic winds in a Wolf-Rayet binary identify a
                  potential gamma-ray burst progenitor}},
  Volume =	 3,
  Year =	 2019
}


@article{Gvaramadze:2018a,
  Author =	 {{Gvaramadze}, V.~V. and {Alexashov}, D.~B. and
                  {Katushkina}, O.~A. and {Kniazev}, A.~Y.},
  Journal =	 {\mnras},
  Month =	 mar,
  Pages =	 {4421-4431},
  Title =	 {{Modelling interstellar structures around Vela X-1}},
  Volume =	 474,
  Year =	 2018
}


@article{Katushkina:2017a,
  Author =	 {{Katushkina}, O.~A. and {Alexashov}, D.~B. and
                  {Izmodenov}, V.~V. and {Gvaramadze}, V.~V.},
  Journal =	 {\mnras},
  Month =	 feb,
  Pages =	 {1573-1585},
  Title =	 {{Non-monotonic spatial distribution of the
                  interstellar dust in astrospheres: finite gyroradius
                  effect}},
  Volume =	 465,
  Year =	 2017
}



@article{ODell:2001c,
  Author =	 {{O'Dell}, C.~R.},
  Journal =	 {\aj},
  Month =	 nov,
  Pages =	 {2662-2667},
  Title =	 {{New Proplyds, Outflows, Shocks, and a Reflection
                  Nebula in M43 and the Outer Parts of the Orion
                  Nebula}},
  Volume =	 122,
  Year =	 2001
}


@article{Balog:2014a,
  Author =	 {{Balog}, Z. and {Müller}, T. and {Nielbock}, M. and
                  {Altieri}, B. and {Klaas}, U. and {Blommaert},
                  J. and {Linz}, H. and {Lutz}, D. and {Moór}, A. and
                  {Billot}, N. and {Sauvage}, M. and {Okumura}, K.},
  Journal =	 {Experimental Astronomy},
  Month =	 jul,
  Pages =	 {129-160},
  Title =	 {{The Herschel-PACS photometer
                  calibration. Point-source flux calibration for scan
                  maps}},
  Volume =	 37,
  Year =	 2014
}


@article{Engelbracht:2007a,
  Author =	 {{Engelbracht}, C.~W. and {Blaylock}, M. and {Su},
                  K.~Y.~L. and {Rho}, J. and {Rieke}, G.~H. and
                  {Muzerolle}, J. and {Padgett}, D.~L. and {Hines},
                  D.~C. and {Gordon}, K.~D. and {Fadda}, D. and
                  {Noriega-Crespo}, A. and {Kelly}, D.~M. and
                  {Latter}, W.~B. and {Hinz}, J.~L. and {Misselt},
                  K.~A. and {Morrison}, J.~E. and {Stansberry},
                  J.~A. and {Shupe}, D.~L. and {Stolovy}, S. and
                  {Wheaton}, W.~A. and {Young}, E.~T. and
                  {Neugebauer}, G. and {Wachter}, S. and
                  {Pérez-González}, P.~G. and {Frayer}, D.~T. and
                  {Marleau}, F.~R.},
  Journal =	 {\pasp},
  Month =	 sep,
  Pages =	 {994-1018},
  Title =	 {{Absolute Calibration and Characterization of the
                  Multiband Imaging Photometer for Spitzer. I. The
                  Stellar Calibrator Sample and the 24 {$\mu$}m
                  Calibration}},
  Volume =	 119,
  Year =	 2007
}


@article{Krticka:2017a,
  Author =	 {{Krtička}, J. and {Kubát}, J.},
  Journal =	 {\aap},
  Month =	 oct,
  Pages =	 {A31},
  Title =	 {{Comoving frame models of hot star
                  winds. II. Reduction of O star wind mass-loss rates
                  in global models}},
  Volume =	 606,
  Year =	 2017
}


@article{Najarro:2011a,
  Author =	 {{Najarro}, F. and {Hanson}, M.~M. and {Puls}, J.},
  Journal =	 {\aap},
  Month =	 nov,
  Pages =	 {A32},
  Title =	 {{L-band spectroscopy of Galactic OB-stars}},
  Volume =	 535,
  Year =	 2011
}



@article{Marcolino:2009a,
  Author =	 {{Marcolino}, W.~L.~F. and {Bouret}, J.-C. and
                  {Martins}, F. and {Hillier}, D.~J. and {Lanz},
                  T. and {Escolano}, C.},
  Journal =	 {\aap},
  Month =	 may,
  Pages =	 {837-852},
  Title =	 {{Analysis of Galactic late-type O dwarfs: more
                  constraints on the weak wind problem}},
  Volume =	 498,
  Year =	 2009
}


@article{Martins:2005b,
  Author =	 {{Martins}, F. and {Schaerer}, D. and {Hillier},
                  D.~J. and {Meynadier}, F. and {Heydari-Malayeri},
                  M. and {Walborn}, N.~R.},
  Journal =	 {\aap},
  Month =	 oct,
  Pages =	 {735-762},
  Title =	 {{On stars with weak winds: the Galactic case}},
  Volume =	 441,
  Year =	 2005
}

@article{Simon-Diaz:2015a,
  Author =	 {{Simón-D{\'{\i}}az}, S. and {Caballero}, J.~A. and
                  {Lorenzo}, J. and {Ma{\'{\i}}z Apellániz}, J. and
                  {Schneider}, F.~R.~N. and {Negueruela}, I. and
                  {Barbá}, R.~H. and {Dorda}, R. and {Marco}, A. and
                  {Montes}, D. and {Pellerin}, A. and
                  {Sanchez-Bermudez}, J. and {Sódor}, Á. and {Sota},
                  A.},
  Journal =	 {\apj},
  Month =	 feb,
  Pages =	 {169},
  Title =	 {{Orbital and Physical Properties of the {$\sigma$}
                  Ori Aa, Ab, B Triple System}},
  Volume =	 799,
  Year =	 2015
}



@article{Fitzpatrick:2007a,
  Author =	 {{Fitzpatrick}, E.~L. and {Massa}, D.},
  Journal =	 {\apj},
  Month =	 jul,
  Pages =	 {320-341},
  Title =	 {{An Analysis of the Shapes of Interstellar
                  Extinction Curves. V. The IR-through-UV Curve
                  Morphology}},
  Volume =	 663,
  Year =	 2007
}

@article{Beitia-Antero:2017a,
  Author =	 {{Beitia-Antero}, L. and {Gómez de Castro}, A.~I.},
  Journal =	 {\mnras},
  Month =	 aug,
  Pages =	 {2531-2538},
  Title =	 {{Interstellar extinction in Orion: variation of the
                  strength of the ultraviolet bump across the
                  complex}},
  Volume =	 469,
  Year =	 2017
}


@article{Schlafly:2016a,
  Author =	 {{Schlafly}, E.~F. and {Meisner}, A.~M. and {Stutz},
                  A.~M. and {Kainulainen}, J. and {Peek}, J.~E.~G. and
                  {Tchernyshyov}, K. and {Rix}, H.-W. and
                  {Finkbeiner}, D.~P. and {Covey}, K.~R. and {Green},
                  G.~M. and {Bell}, E.~F. and {Burgett}, W.~S. and
                  {Chambers}, K.~C. and {Draper}, P.~W. and
                  {Flewelling}, H. and {Hodapp}, K.~W. and {Kaiser},
                  N. and {Magnier}, E.~A. and {Martin}, N.~F. and
                  {Metcalfe}, N. and {Wainscoat}, R.~J. and {Waters},
                  C.},
  Journal =	 {\apj},
  Month =	 apr,
  Pages =	 {78},
  Title =	 {{The Optical-infrared Extinction Curve and Its
                  Variation in the Milky Way}},
  Volume =	 821,
  Year =	 2016
}


@article{Salgado:2016a,
  Author =	 {{Salgado}, F. and {Berné}, O. and {Adams}, J.~D. and
                  {Herter}, T.~L. and {Keller}, L.~D. and {Tielens},
                  A.~G.~G.~M.},
  Journal =	 {\apj},
  Month =	 oct,
  Pages =	 {118},
  Title =	 {{The Orion HII Region and the Orion Bar in the
                  Mid-infrared}},
  Volume =	 830,
  Year =	 2016
}

@article{Salgado:2012a,
  Author =	 {{Salgado}, F. and {Berné}, O. and {Adams}, J.~D. and
                  {Herter}, T.~L. and {Gull}, G. and {Schoenwald},
                  J. and {Keller}, L.~D. and {De Buizer}, J.~M. and
                  {Vacca}, W.~D. and {Becklin}, E.~E. and {Shuping},
                  R.~Y. and {Tielens}, A.~G.~G.~M. and {Zinnecker},
                  H.},
  Journal =	 {\apjl},
  Month =	 apr,
  Pages =	 {L21},
  Title =	 {{First Science Results from SOFIA/FORCAST: The
                  Mid-infrared View of the Compact H II Region W3A}},
  Volume =	 749,
  Year =	 2012
}


@article{Gaia-Collaboration:2018a,
  Author =	 {{Gaia Collaboration} and {Brown}, A.~G.~A. and
                  {Vallenari}, A. and {Prusti}, T. and {de Bruijne},
                  J.~H.~J. and {Babusiaux}, C. and {Bailer-Jones},
                  C.~A.~L. and {Biermann}, M. and {Evans}, D.~W. and
                  {Eyer}, L. and et al.},
  Journal =	 {\aap},
  Month =	 aug,
  Pages =	 {A1},
  Title =	 {{Gaia Data Release 2. Summary of the contents and
                  survey properties}},
  Volume =	 616,
  Year =	 2018
}

@article{Gaia-Collaboration:2016a,
  Author =	 {{Gaia Collaboration} and {Prusti}, T. and {de
                  Bruijne}, J.~H.~J. and {Brown}, A.~G.~A. and
                  {Vallenari}, A. and {Babusiaux}, C. and
                  {Bailer-Jones}, C.~A.~L. and {Bastian}, U. and
                  {Biermann}, M. and {Evans}, D.~W. and et al.},
  Journal =	 {\aap},
  Month =	 nov,
  Pages =	 {A1},
  Title =	 {{The Gaia mission}},
  Volume =	 595,
  Year =	 2016
}

@article{Pogodin:2006a,
  Author =	 {{Pogodin}, M.~A. and {Malanushenko}, V.~P. and
                  {Kozlova}, O.~V. and {Tarasova}, T.~N. and {Franco},
                  G.~A.~P.},
  Journal =	 {\aap},
  Month =	 jun,
  Pages =	 {551-559},
  Title =	 {{The Herbig B0e star HD 53367: circumstellar
                  activity and evidence of binarity}},
  Volume =	 452,
  Year =	 2006
}

@article{Tjin-A-Djie:2001a,
  Author =	 {{Tjin A Djie}, H.~R.~E. and {van den Ancker},
                  M.~E. and {Blondel}, P.~F.~C. and {Shevchenko},
                  V.~S. and {Ezhkova}, O.~V. and {de Winter}, D. and
                  {Grankin}, K.~N.},
  Journal =	 {\mnras},
  Month =	 aug,
  Pages =	 {1441-1457},
  Title =	 {{The stellar composition of the star formation
                  region CMa R1 - II. Spectroscopic and photometric
                  observations of nine young stars}},
  Volume =	 325,
  Year =	 2001
}

@article{Quireza:2006b,
  Author =	 {{Quireza}, C. and {Rood}, R.~T. and {Bania},
                  T.~M. and {Balser}, D.~S. and {Maciel}, W.~J.},
  Journal =	 {\apj},
  Month =	 dec,
  Pages =	 {1226-1240},
  Title =	 {{The Electron Temperature Gradient in the Galactic
                  Disk}},
  Volume =	 653,
  Year =	 2006
}

@article{van-Leeuwen:2007a,
  Author =	 {{van Leeuwen}, F.},
  Journal =	 {\aap},
  Month =	 nov,
  Pages =	 {653-664},
  Title =	 {{Validation of the new Hipparcos reduction}},
  Volume =	 474,
  Year =	 2007
}


@article{Brand:1993a,
  Author =	 {{Brand}, J. and {Blitz}, L.},
  Journal =	 {\aap},
  Month =	 aug,
  Pages =	 {67},
  Title =	 {{The Velocity Field of the Outer Galaxy}},
  Volume =	 275,
  Year =	 1993
}

@article{Quireza:2006a,
  Author =	 {{Quireza}, C. and {Rood}, R.~T. and {Balser},
                  D.~S. and {Bania}, T.~M.},
  Journal =	 {\apjs},
  Month =	 jul,
  Pages =	 {338-359},
  Title =	 {{Radio Recombination Lines in Galactic H II
                  Regions}},
  Volume =	 165,
  Year =	 2006
}


@article{Hawley:1978a,
  Author =	 {{Hawley}, S.~A.},
  Journal =	 {\apj},
  Month =	 sep,
  Pages =	 {417-436},
  Title =	 {{The chemical composition of galactic and
                  extragalactic H II regions}},
  Volume =	 224,
  Year =	 1978
}

@article{Luri:2018a,
  Author =	 {{Luri}, X. and {Brown}, A.~G.~A. and {Sarro},
                  L.~M. and {Arenou}, F. and {Bailer-Jones},
                  C.~A.~L. and {Castro-Ginard}, A. and {de Bruijne},
                  J. and {Prusti}, T. and {Babusiaux}, C. and
                  {Delgado}, H.~E.},
  Journal =	 {\aap},
  Month =	 aug,
  Pages =	 {A9},
  Title =	 {{Gaia Data Release 2. Using Gaia parallaxes}},
  Volume =	 616,
  Year =	 2018
}


@article{Fairlamb:2015a,
  Author =	 {{Fairlamb}, J.~R. and {Oudmaijer}, R.~D. and
                  {Mendigut{\'{\i}}a}, I. and {Ilee}, J.~D. and {van
                  den Ancker}, M.~E.},
  Journal =	 {\mnras},
  Month =	 oct,
  Pages =	 {976-1001},
  Title =	 {{A spectroscopic survey of Herbig Ae/Be stars with
                  X-shooter - I. Stellar parameters and accretion
                  rates}},
  Volume =	 453,
  Year =	 2015
}


@article{Stark:1984a,
  Author =	 {{Stark}, A.~A.},
  Journal =	 {\apj},
  Month =	 jun,
  Pages =	 {624-633},
  Title =	 {{Kinematics of molecular clouds. I - Velocity
                  dispersion in the solar neighborhood}},
  Volume =	 281,
  Year =	 1984
}



@article{Nieva:2013a,
  Author =	 {{Nieva}, M.-F.},
  Journal =	 {\aap},
  Month =	 feb,
  Pages =	 {A26},
  Title =	 {{Temperature, gravity, and bolometric correction
                  scales for non-supergiant OB stars}},
  Volume =	 550,
  Year =	 2013
}


@article{Lee:2012a,
  Author =	 {{Lee}, E.~J. and {Murray}, N. and {Rahman}, M.},
  Journal =	 {\apj},
  Month =	 jun,
  Pages =	 {146},
  Title =	 {{Milky Way Star-forming Complexes and the Turbulent
                  Motion of the Galaxy's Molecular Gas}},
  Volume =	 752,
  Year =	 2012
}


@article{Matzner:2002a,
  Author =	 {{Matzner}, C.~D.},
  Journal =	 {\apj},
  Month =	 feb,
  Pages =	 {302-314},
  Title =	 {{On the Role of Massive Stars in the Support and
                  Destruction of Giant Molecular Clouds}},
  Volume =	 566,
  Year =	 2002
}


@article{Henney:2019c,
  Author =	 {{Henney}, W. ~J. and {Arthur}, S.~J.},
  Journal =	 {\mnras},
  Title =	 {Bow shocks, bow waves, and dust
                  waves. III. Observational diagnostics},
  Year =	 {2019}
}

@article{Henney:2019b,
  Author =	 {{Henney}, W. ~J. and {Arthur}, S.~J.},
  Journal =	 {\mnras},
  Title =	 {Bow shocks, bow waves, and dust waves. II. The rip
                  point},
  Year =	 {2019}
}

@article{Henney:2019a,
  Author =	 {{Henney}, W. ~J. and {Arthur}, S.~J.},
  Journal =	 {\mnras},
  Title =	 {Bow shocks, bow waves, and dust waves. I. Strong
                  coupling},
  Year =	 {2019}
}



@article{Hafez:1999a,
  Author =	 {M.M. Hafez and W.H. Guo},
  Journal =	 {Computers \& Fluids},
  Number =	 {4},
  Pages =	 {701 - 719},
  Title =	 {Some anomalies of numerical simulation of shock
                  waves. Part I: inviscid flows},
  Volume =	 {28},
  Year =	 {1999}
}

@article{Embid:1984a,
  Author =	 {Embid, Pedro and Goodman, Jonathan and Majda,
                  Andrew},
  Journal =	 {SIAM J. Sci. Stat. Comput.},
  Month =	 mar,
  Number =	 {1},
  Pages =	 {21--41},
  Title =	 {Multiple Steady States for 1-D Transonic Flow},
  Volume =	 {5},
  Year =	 {1984}
}


@book{Courant:1948a,
  Author =	 {Richard Courant and K.O. Friedrichs},
  Publisher =	 {Springer-Verlag New York},
  Title =	 {Supersonic Flow and Shock Waves},
  Year =	 {1948}
}


@article{Morawetz:1956a,
  Author =	 {Morawetz, Cathleen S.},
  Journal =	 {Communications on Pure and Applied Mathematics},
  Number =	 {1},
  Pages =	 {45-68},
  Title =	 {On the non-existence of continuous transonic flows
                  past profiles I},
  Volume =	 {9},
  Year =	 {1956}
}

@article{Morawetz:1985a,
  Author =	 {Morawetz, Cathleen S.},
  Journal =	 {Communications on Pure and Applied Mathematics},
  Number =	 {6},
  Pages =	 {797-817},
  Title =	 {On a weak solution for a transonic flow problem},
  Volume =	 {38},
  Year =	 {1985}
}


@book{Seddon:1999a,
  Author =	 {J. Seddon and E. L. Goldsmith},
  Edition =	 {2nd},
  Publisher =	 {American Institute of Aeronautics and Astronautics},
  Title =	 {Intake Aerodynamics},
  Year =	 {1999}
}


@article{Tetzlaff:2011a,
  Author =	 {{Tetzlaff}, N. and {Neuhäuser}, R. and {Hohle},
                  M.~M.},
  Journal =	 {\mnras},
  Month =	 jan,
  Pages =	 {190-200},
  Title =	 {{A catalogue of young runaway Hipparcos stars within
                  3 kpc from the Sun}},
  Volume =	 410,
  Year =	 2011
}

@article{Blaauw:1961a,
  Author =	 {{Blaauw}, A.},
  Journal =	 {\bain},
  Month =	 may,
  Pages =	 {265},
  Title =	 {{On the origin of the O- and B-type stars with high
                  velocities (the ``run-away'' stars), and some
                  related problems}},
  Volume =	 15,
  Year =	 1961
}


@article{Henney:2005a,
  Author =	 {{Henney}, W.~J. and {Arthur}, S.~J. and
                  {Garc{\'{\i}}a-D{\'{\i}}az}, M.~T.},
  Journal =	 {\apj},
  Month =	 jul,
  Pages =	 {813-833},
  Title =	 {{Photoevaporation Flows in Blister H II
                  Regions. I. Smooth Ionization Fronts and Application
                  to the Orion Nebula}},
  Volume =	 627,
  Year =	 2005
}



@article{Gualandris:2004a,
  Author =	 {{Gualandris}, A. and {Portegies Zwart}, S. and
                  {Eggleton}, P.~P.},
  Journal =	 {\mnras},
  Month =	 may,
  Pages =	 {615-626},
  Title =	 {{N-body simulations of stars escaping from the Orion
                  nebula}},
  Volume =	 350,
  Year =	 2004
}


@article{Ballesteros-Paredes:1999a,
  Author =	 {{Ballesteros-Paredes}, J. and {Hartmann}, L. and
                  {Vázquez-Semadeni}, E.},
  Journal =	 {\apj},
  Month =	 dec,
  Pages =	 {285-297},
  Title =	 {{Turbulent Flow-driven Molecular Cloud Formation: A
                  Solution to the Post-T Tauri Problem?}},
  Volume =	 527,
  Year =	 1999
}


@article{Marasco:2017a,
  Author =	 {{Marasco}, A. and {Fraternali}, F. and {van der
                  Hulst}, J.~M. and {Oosterloo}, T.},
  Journal =	 {\aap},
  Month =	 nov,
  Pages =	 {A106},
  Title =	 {{Distribution and kinematics of atomic and molecular
                  gas inside the solar circle}},
  Volume =	 607,
  Year =	 2017
}


@article{Ehlerova:2005a,
  Author =	 {{Ehlerová}, S. and {Palouš}, J.},
  Journal =	 {\aap},
  Month =	 jul,
  Pages =	 {101-112},
  Title =	 {{H I shells in the outer Milky Way}},
  Volume =	 437,
  Year =	 2005
}


@article{Bordalo:2011a,
  Author =	 {{Bordalo}, V. and {Telles}, E.},
  Journal =	 {\apj},
  Month =	 jul,
  Pages =	 {52},
  Title =	 {{The L-{$\sigma$} Relation of Local H II Galaxies}},
  Volume =	 735,
  Year =	 2011
}


@article{Arthur:2016a,
  Author =	 {{Arthur}, S.~J. and {Medina}, S.-N.~X. and {Henney},
                  W.~J.},
  Journal =	 {\mnras},
  Month =	 dec,
  Pages =	 {2864-2884},
  Title =	 {{Turbulence in the ionized gas of the Orion nebula}},
  Volume =	 463,
  Year =	 2016
}


@article{Damiani:2016a,
  Author =	 {{Damiani}, F. and {Bonito}, R. and {Magrini}, L. and
                  {Prisinzano}, L. and {Mapelli}, M. and {Micela},
                  G. and {Kalari}, V. and {Ma{\'{\i}}z Apellániz},
                  J. and {Gilmore}, G. and {Randich}, S. and {Alfaro},
                  E. and {Flaccomio}, E. and {Koposov}, S. and
                  {Klutsch}, A. and {Lanzafame}, A.~C. and {Pancino},
                  E. and {Sacco}, G.~G. and {Bayo}, A. and {Carraro},
                  G. and {Casey}, A.~R. and {Costado}, M.~T. and
                  {Franciosini}, E. and {Hourihane}, A. and {Lardo},
                  C. and {Lewis}, J. and {Monaco}, L. and
                  {Morbidelli}, L. and {Worley}, C. and {Zaggia},
                  S. and {Zwitter}, T. and {Dorda}, R.},
  Journal =	 {\aap},
  Month =	 jun,
  Pages =	 {A74},
  Title =	 {{Gaia-ESO Survey: Gas dynamics in the Carina nebula
                  through optical emission lines}},
  Volume =	 591,
  Year =	 2016
}



@article{Dyson:1968a,
  Author =	 {{Dyson}, J.~E.},
  Journal =	 {\apss},
  Month =	 may,
  Pages =	 {388-405},
  Title =	 {{The Dynamics of the Orion Nebula, I: Neutral
                  Condensations in an H II Region}},
  Volume =	 1,
  Year =	 1968
}



@article{Kalberla:2008a,
  Author =	 {{Kalberla}, P.~M.~W. and {Dedes}, L.},
  Journal =	 {\aap},
  Month =	 sep,
  Pages =	 {951-963},
  Title =	 {{Global properties of the H I distribution in the
                  outer Milky Way. Planar and extra-planar gas}},
  Volume =	 487,
  Year =	 2008
}


@article{Kalberla:2009a,
  Author =	 {{Kalberla}, P.~M.~W. and {Kerp}, J.},
  Journal =	 {\araa},
  Month =	 sep,
  Pages =	 {27-61},
  Title =	 {{The Hi Distribution of the Milky Way}},
  Volume =	 47,
  Year =	 2009
}


@article{Ferriere:2001a,
  Author =	 {{Ferrière}, K.~M.},
  Journal =	 {Reviews of Modern Physics},
  Month =	 oct,
  Pages =	 {1031-1066},
  Title =	 {{The interstellar environment of our galaxy}},
  Volume =	 73,
  Year =	 2001
}

@article{Oberst:2011a,
  Author =	 {{Oberst}, T.~E. and {Parshley}, S.~C. and {Nikola},
                  T. and {Stacey}, G.~J. and {Löhr}, A. and {Lane},
                  A.~P. and {Stark}, A.~A. and {Kamenetzky}, J.},
  Journal =	 {\apj},
  Month =	 oct,
  Pages =	 {100},
  Title =	 {{A 205 {$\mu$}m [N II] Map of the Carina Nebula}},
  Volume =	 739,
  Year =	 2011
}


@article{Smith:2004a,
  Author =	 {{Smith}, N. and {Barbá}, R.~H. and {Walborn}, N.~R.},
  Journal =	 {\mnras},
  Month =	 jul,
  Pages =	 {1457-1470},
  Title =	 {{Carina's defiant Finger: HST observations of a
                  photoevaporating globule in NGC 3372^{*}}},
  Volume =	 351,
  Year =	 2004
}


@article{Weilbacher:2015a,
  Author =	 {{Weilbacher}, P.~M. and {Monreal-Ibero}, A. and
                  {Kollatschny}, W. and {Ginsburg}, A. and {McLeod},
                  A.~F. and {Kamann}, S. and {Sandin}, C. and {Palsa},
                  R. and {Wisotzki}, L. and {Bacon}, R. and {Selman},
                  F. and {Brinchmann}, J. and {Caruana}, J. and
                  {Kelz}, A. and {Martinsson}, T. and
                  {Pécontal-Rousset}, A. and {Richard}, J. and
                  {Wendt}, M.},
  Journal =	 {\aap},
  Month =	 oct,
  Pages =	 {A114},
  Title =	 {{A MUSE map of the central Orion Nebula (M 42)}},
  Volume =	 582,
  Year =	 2015
}



@article{ODell:2017b,
  Author =	 {{O'Dell}, C.~R. and {Ferland}, G.~J. and {Peimbert},
                  M.},
  Journal =	 {\mnras},
  Month =	 feb,
  Pages =	 {4835-4857},
  Title =	 {{Structure and physical conditions in the Huygens
                  region of the Orion nebula}},
  Volume =	 464,
  Year =	 2017
}


@article{Smith:2017b,
  Author =	 {{Smith}, N. and {Groh}, J.~H. and {France}, K. and
                  {McCray}, R.},
  Journal =	 {\mnras},
  Month =	 jun,
  Pages =	 {2333-2344},
  Title =	 {{Ultraviolet spectroscopy of the blue supergiant
                  SBW1: the remarkably weak wind of a SN 1987A
                  analogue}},
  Volume =	 468,
  Year =	 2017
}


@article{Martins:2012a,
  Author =	 {{Martins}, F. and {Mahy}, L. and {Hillier},
                  D.~J. and {Rauw}, G.},
  Journal =	 {\aap},
  Month =	 feb,
  Pages =	 {A39},
  Title =	 {{A quantitative study of O stars in NGC 2244 and the
                  Monoceros OB2 association}},
  Volume =	 538,
  Year =	 2012
}



@article{Huenemoerder:2012a,
  Author =	 {{Huenemoerder}, D.~P. and {Oskinova}, L.~M. and
                  {Ignace}, R. and {Waldron}, W.~L. and {Todt}, H. and
                  {Hamaguchi}, K. and {Kitamoto}, S.},
  Journal =	 {\apjl},
  Month =	 sep,
  Pages =	 {L34},
  Title =	 {{On the Weak-wind Problem in Massive Stars: X-Ray
                  Spectra Reveal a Massive Hot Wind in {$\mu$}
                  Columbae}},
  Volume =	 756,
  Year =	 2012
}

@article{Cohen:2014a,
  Author =	 {{Cohen}, D.~H. and {Wollman}, E.~E. and
                  {Leutenegger}, M.~A. and {Sundqvist}, J.~O. and
                  {Fullerton}, A.~W. and {Zsargó}, J. and {Owocki},
                  S.~P.},
  Journal =	 {\mnras},
  Month =	 mar,
  Pages =	 {908-923},
  Title =	 {{Measuring mass-loss rates and constraining shock
                  physics using X-ray line profiles of O stars from
                  the Chandra archive}},
  Volume =	 439,
  Year =	 2014
}

@article{Lucy:2012a,
  Author =	 {{Lucy}, L.~B.},
  Journal =	 {\aap},
  Month =	 aug,
  Pages =	 {A120},
  Title =	 {{Coronal winds powered by radiative driving}},
  Volume =	 544,
  Year =	 2012
}


@article{Gvaramadze:2012a,
  Author =	 {{Gvaramadze}, V.~V. and {Langer}, N. and {Mackey},
                  J.},
  Journal =	 {\mnras},
  Month =	 nov,
  Pages =	 {L50-L54},
  Title =	 {{{$\zeta$} Oph and the weak-wind problem}},
  Volume =	 427,
  Year =	 2012
}


@article{Shenar:2017a,
  Author =	 {{Shenar}, T. and {Oskinova}, L.~M. and {Järvinen},
                  S.~P. and {Luckas}, P. and {Hainich}, R. and {Todt},
                  H. and {Hubrig}, S. and {Sander}, A.~A.~C. and
                  {Ilyin}, I. and {Hamann}, W.-R.},
  Journal =	 {\aap},
  Month =	 oct,
  Pages =	 {A91},
  Title =	 {{A combined HST and XMM-Newton campaign for the
                  magnetic O9.7 V star HD 54879. Constraining the
                  weak-wind problem of massive stars}},
  Volume =	 606,
  Year =	 2017
}


@article{Nebot-Gomez-Moran:2018a,
  Author =	 {{Nebot Gómez-Morán}, A. and {Oskinova}, L.~M.},
  Journal =	 {\aap},
  Month =	 dec,
  Pages =	 {A89},
  Title =	 {{The X-ray catalog of spectroscopically identified
                  Galactic O stars. Investigating the dependence of
                  X-ray luminosity on stellar and wind parameters}},
  Volume =	 620,
  Year =	 2018
}


@article{Vink:2001a,
  Author =	 {{Vink}, J.~S. and {de Koter}, A. and {Lamers},
                  H.~J.~G.~L.~M.},
  Journal =	 {\aap},
  Month =	 apr,
  Pages =	 {574-588},
  Title =	 {{Mass-loss predictions for O and B stars as a
                  function of metallicity}},
  Volume =	 369,
  Year =	 2001
}


@article{Stephens:2014b,
  Author =	 {{Stephens}, I.~W. and {Evans}, J.~M. and {Xue},
                  R. and {Chu}, Y.-H. and {Gruendl}, R.~A. and
                  {Segura-Cox}, D.~M.},
  Journal =	 {\apj},
  Month =	 apr,
  Pages =	 {147},
  Title =	 {{Spitzer Observations of Dust Emission from H II
                  Regions in the Large Magellanic Cloud}},
  Volume =	 784,
  Year =	 2014
}
